2644 4112
491 147 554 208 ati.
575 161 598 206 ι.
642 159 715 206 sar.
738 159 802 206 ru.-

107 302 241 371 viritas
256 295 376 361 editior
396 295 573 377 caedebat,
595 299 631 358 ut
653 295 687 358 in
708 311 815 382 grege
836 296 961 358 taurus.

107 427 184 488 lma
205 418 342 481 inuenta
364 418 451 480 metu
472 415 585 480 iniusti
606 416 737 480 fateare
759 429 897 478 neeesse
919 415 987 495 est,

103 535 268 618 Tempora
289 535 317 598 si
338 534 513 618 iustasque
531 534 618 598 veiis
638 533 797 598 evolvere
819 531 939 595 mundi.
990 537 995 552 “

102 653 174 718 Nee
194 627 315 717 natura
335 655 454 738 potest
470 655 557 746 iustu
577 669 756 717 secernere
776 651 936 733 iniquum,

101 769 230 836 Dividit
251 773 288 834 ut
309 730 577 855 &mereim
599 768 759 856 fugientm
780 768 952 853 petendis3

101 888 173 954 Nee
194 890 306 954 vincet
320 889 406 954 ratiu
419 887 503 975 hoe,
524 886 725 953 tantumdem
739 889 776 951 ut
790 890 910 971 peeeet
931 882 1080 970 idemque
1107 883 1173 942 dtu

101 987 167 1090 Qui
189 1011 324 1072 teneros
346 1006 460 1072 caules
480 1007 578 1070 alieni
601 1002 742 1093 inegerit
762 1004 869 1086 inerti,
944 1031 949 1040 ·

101 1126 146 1191 at
169 1127 224 1211 qui
246 1129 429 1213 naeiurnus
449 1141 547 1189 saera
567 1124 679 1187 divum
701 1125 832 1211 legerit.
873 1123 975 1223 Adsit

100 1245 252 1332 Regula,
274 1233 423 1326 peccatis
445 1261 528 1327 quae
550 1259 678 1326 poenas
699 1243 827 1330 irroget·
844 1258 989 1326 aequas3
1017 1281 1019 1286 -

100 1363 151 1430 Ne
173 1363 302 1428 scutica
322 1361 625 1449 dignum-horribili
647 1365 778 1426 sectere
799 1360 943 1448 ssageiia.

101 1482 201 1565 Nam,
222 1485 259 1545 ut
280 1481 388 1546 ferula
409 1479 531 1546 caedas
551 1480 699 1546 meritum
722 1482 845 1545 maiora
863 1481 977 1544 subire
1092 1475 1174 1536 'teu

100 1599 268 1686 Verbera,
289 1619 356 1663 non
378 1617 514 1686 vereor,
537 1617 610 1666 uum
631 1598 724 1672 dieas
745 1617 821 1664 esse
843 1615 943 1684 pares
963 1616 1019 1662 res

102 1721 208 1784 Furta
229 1719 412 1783 latrociniis
434 1722 467 1782 et
489 1721 618 1805 magnis
638 1735 745 1801 parva
766 1719 899 1786 mineris
981 1739 997 1806 j·

100 1839 204 1904 Fatue
224 1837 405 1902 reuisurum
425 1838 521 1900 simili
542 1840 592 1923 te,
613 1839 641 1900 si
664 1838 723 1901 tibi
740 1847 883 1924 ‘regnum

13 2049 14 2065 ι
99 2033 124 2078 et
140 2027 281 2077 mimicum
294 2026 455 2079 vocabulum
474 2041 522 2090 pro
539 2041 552 2072 n
560 2039 616 2076 mu·
651 2024 753 2088 neuter]
768 2027 924 2076 brassicam.
944 2028 1172 2096 «Frangereflares

98 2105 192 2156 itere.»
220 2105 337 2168 «Raptus
350 2104 472 2154 mulieris
484 2103 535 2155 tuit
550 2103 616 2154 belii
654 2117 709 2152 non
723 2103 836 2152 memini
854 2104 979 2165 legisse.»
998 2109 1102 2160 Bam.
1123 2109 1171 2157 ite-

14 2179 15 2182 ’
98 2194 179 2233 causa
188 2183 343 2233 foedissima
357 2189 436 2246 atque
450 2183 561 2245 indigna
571 2181 616 2234 uei
654 2187 696 2231 ete
715 2187 805 2229 tamen
824 2181 921 2231 dicitur
939 2184 972 2233 de
989 2187 1118 2241 cautibus,
1143 2193 1173 2234 ut

98 2265 159 2310 ante
179 2265 302 2321 tempora
322 2259 466 2310 Troiana.»
487 2284 517 2295 -
537 2262 617 2308 tacer-
654 2260 688 2308 de
711 2257 822 2306 calamis
842 2265 869 2310 et
886 2263 991 2312 cannis.
1017 2289 1048 2298 -
1075 2275 1173 2313 sacre·

97 2334 162 2398 tam]
185 2349 301 2409 (tremere
314 2335 515 2386 stneconnubio
529 2331 617 2385 stabssi
655 2331 761 2398 tenerit]
781 2335 883 2384 dietum
900 2343 929 2387 ut
946 2339 1094 2402 semitonus.
1124 2339 1174 2388 Lu-

14 2435 15 2442 *
74 2415 195 2475 ,cupide
208 2419 341 2463 utentes.»
359 2439 384 2480 .·
404 2411 513 2476 editior]
535 2413 617 2463 «emi—
655 2413 732 2460 citius
756 2413 827 2474 apud
848 2413 918 2464 Nou.
938 2413 966 2473 d,
987 2415 1054 2463 271:
1086 2418 1174 2466 omnia

97 2493 233 2541 mentior.»
276 2491 386 2542 Videtur
418 2492 519 2540 dietum
557 2492 616 2539 sine
653 2491 975 2554 utseutiamentttuteeet.
995 2518 1028 2530 -
1045 2493 1173 2542 raeticus

15 2581 16 2600 ι
97 2568 219 2632 exemplu
232 2583 281 2632 pre
295 2569 477 2632 «superiore»
584 2620 589 2636 1
654 2566 778 2628 σκῦτος,
799 2569 912 2622 cerium,
933 2571 1061 2632 eirea-alu,
1076 2573 1173 2634 quibus

131 2647 288 2695 tta-119.
326 2647 390 2695 iura
405 2648 512 2695 inuenta
529 2641 615 2706 metu]
656 2645 838 2706 puniebantur
851 2647 938 2707 pueri,
953 2657 969 2695 a
988 2647 1111 2697 Martiale
1129 2652 1171 2708 10,

15 2725 17 2794 i
95 2724 195 2772 Contra
216 2721 313 2772 Stoieiz
347 2722 379 2773 τὸ
402 2721 517 2772 δίκαιόν
541 2737 617 2784 φασι
655 2721 769 2782 62‚·10.
784 2723 910 2771 dicuntur
922 2730 1023 2784 sceptra
1041 2725 1172 2789 paedago-

96 2797 187 2861 φύσει
207 2794 283 2860 εἶναι
300 2800 350 2850 καὶ
370 2795 412 2864 μὴ
430 2799 520 2848 adesa.
541 2797 615 2847 Stob.
653 2811 768 2861 quatem:
805 2801 918 2860 nautica,
956 2799 1073 2859 trabeae,
1111 2801 1174 2850 torta

96 2875 125 2926 Ε.
145 2877 236 2937 ΡΜ,
259 2875 285 2937 7,
313 2875 416 2938 tbffl·
440 2875 475 2924 Η.
512 2877 548 2924 Ex
571 2877 617 2925 do·
655 2875 1169 2939 etiamaeruipropterlerioradelicta,

96 2953 182 3000 ctrina
200 2965 265 3003 vero
283 2951 470 3014 Sophistarum
496 2951 617 3014 Epicuri·
653 2953 819 3012 obgrauiora
831 2953 1173 3018 flaqetlocumaeuieisser·

95 3041 147 3090 que
180 3029 250 3076 nihii
282 3029 383 3078 iustum
414 3034 460 3078 aui
489 3029 616 3077 iniustum
655 3029 1059 3093 r'eiscaedebantur.—eeetere]
1079 3035 1172 3082 certari

16 3163 17 3166 Ἴ
96 3113 135 3156 est
153 3111 265 3165 natura,
293 3107 340 3154 sed
359 3105 463 3166 legibus
482 3119 513 3154 au
536 3107 617 3154 mori·
654 3107 682 3155 h.
696 3106 715 3154 l.
730 3109 849 3171 insequi,
870 3122 981 3171 urgere,
1001 3107 1125 3159 διώκειν.

16 3175 17 3182 ’
97 3183 160 3243 bus;
182 3187 276 3231 contra
287 3183 410 3232 naturale
421 3187 461 3232 est
470 3184 615 3231 discrimen
689 3185 739 3232 120
747 3211 775 3220 -
785 3187 856 3246 123..
872 3188 939 3235 Num
950 3193 980 3236 ut
989 3188 1069 3236 cudae
1081 3209 1107 3224 --
1119 3199 1173 3235 neu

97 3261 166 3310 inter
183 3259 255 3308 bana
276 3265 303 3308 et
319 3259 399 3319 maia,
420 3265 445 3308 et
467 3265 560 3322 suopte
577 3259 616 3307 in·
652 3259 758 3321 uereor]
793 3263 1011 3325 Σολοικοφανὲς
1036 3265 1086 3312 hoe
1117 3277 1172 3314 ma·

96 3339 194 3386 stinctu
208 3339 289 3386 humo
303 3338 408 3386 ducitur
426 3339 459 3386 ad
477 3337 522 3386 illa
536 3349 616 3399 appe·
653 3336 751 3385 niiesto
781 3339 928 3399 signifieat:
959 3339 1074 3389 «Certus
1100 3355 1169 3396 suum.

95 3416 190 3474 tenda,
212 3415 279 3462 haec
292 3414 430 3474 fugienda.
449 3440 477 3450 —
498 3413 616 3463 Naeuia·
653 3416 678 3460 te
698 3427 747 3474 pro
772 3417 817 3462 tua
838 3400 979 3467 seueritate
1000 3427 1170 3478 nequaquam

95 3488 232 3552 curatio]
254 3487 322 3540 oniae
341 3485 493 3562 αἱρήσειὸ
516 3487 614 3554 λόγος.
653 3501 794 3539 caesuram
818 3492 903 3542 seruis
930 3496 1066 3543 dumtaxat
1093 3507 1192 3548 eum,-

95 3569 255 3631 «Nunquam
273 3567 427 3617 Stoicorum
452 3567 519 3615 ratio
542 3566 615 3616 evin·
653 3567 698 3627 qui
729 3570 851 3630 graviore
877 3584 963 3634 poena
995 3571 1091 3632 dignus
1121 3571 1167 3626 sit:

18 3643 19 3658 ¹
95 3651 152 3705 eet,
190 3645 304 3694 tirmiter
331 3647 408 3694 nobis
443 3641 615 3706 persuadebit
654 3643 735 3692 immo
757 3659 819 3694 eum
837 3649 888 3694 hac
911 3649 966 3708 ipsa
988 3661 1094 3708 semper
1113 3645 1171 3694 aiii-

94 3736 189 3774 uerum
202 3735 263 3774 esse
281 3723 351 3773 istud
368 3727 567 3785 praeceptum.»
584 3745 611 3755 -
653 3719 724 3778 cies,
744 3720 851 3782 flagelio
870 3728 976 3772 strenue
995 3735 1119 3777 rasurus.»
1141 3747 1166 3758 -
