2658 4128
139 83 216 152 154
492 114 630 156 rrouauu
651 95 850 163 canteranum

135 243 235 304 lratis
257 245 424 324 precibus,
447 249 483 309 tu
504 249 617 329 pulses
639 267 733 312 omrre
756 248 843 332 quod
864 251 992 332 obstat,
1081 305 1084 312 ⁴
1166 250 1208 312 30

135 359 190 424 Ad
215 361 444 424 Maecenatem
467 369 598 428 memori
620 369 647 428 st
670 372 778 430 mente
799 383 961 432 recurres„

138 481 209 542 Hoc
231 482 323 541 iuvat
346 482 379 542 et
401 479 487 541 mclii
508 483 576 563 cat,
597 503 663 546 non
687 487 833 548 mentiar.
875 486 924 548 At
946 487 1039 557 simiel
1061 493 1155 554 atras

135 598 276 661 Ventum
300 601 350 660 eet
374 597 560 679 Exqutiias,
583 601 689 664 atiena
713 606 849 688 negotia
871 607 1011 668 centum

135 713 202 778 Per
223 721 322 797 caput
345 721 378 779 et
400 720 488 780 circu
510 711 632 782 satiant
654 720 749 784 tatus.
794 722 889 786 Ante
911 725 1087 788 secundem

134 834 278 906 Roscius
301 836 416 897 orabat
439 836 500 896 sibi
522 836 658 900 adesses
680 823 722 900 ad
745 839 864 903 Puteal
887 859 971 904 cras.
1166 839 1209 900 35

102 1029 105 1037 .
136 953 185 1015 De
207 971 243 1014 re
266 954 574 1017 communi'scribae
596 973 716 1040 magna
737 960 836 1038 atque
858 977 947 1024 nova
968 964 1002 1026 te

134 1067 285 1133 Urebant
307 1069 404 1133 hodie
427 1075 643 1151 meminisses,
666 1071 803 1152 Quinte,
824 1077 960 1139 reverti.

134 1190 302 1270 Imprimat
324 1188 391 1272 bie,
414 1207 509 1269 cura,
532 1189 714 1254 Maecenas
735 1193 833 1277 signe
854 1195 994 1258 tabellis.

135 1463 165 1474 -
185 1446 213 1486 ta
231 1433 329 1498 putres]
351 1436 517 1496 «Quomodo,
538 1436 648 1494 matum,
668 1433 757 1496 teat]
777 1437 877 1498 iiupter
897 1445 955 1487 eret
973 1441 1064 1490 Pateat
1081 1443 1109 1490 in
1131 1445 1203 1495 Foro

134 1513 231 1578 (iuquit
244 1513 387 1576 pulsatus),
404 1515 486 1562 andes
500 1513 650 1574 impingere
688 1515 823 1573 Romano,
839 1517 953 1564 atterum
966 1517 993 1566 iu
1006 1518 1130 1579 Comitio,
1150 1537 1206 1583 quo

133 1594 318 1654 inomnesqui
329 1593 375 1640 tibi
386 1593 491 1641 obstant
504 1601 603 1652 eosque
617 1592 650 1640 de
688 1592 740 1640 Atti
754 1593 829 1642 Navii
844 1607 887 1640 cos
903 1600 929 1641 et
948 1597 1080 1644 novacula
1097 1597 1205 1648 defossa

133 1676 175 1725 via
195 1673 372 1723 deturbaret»
400 1694 424 1702 —
451 1663 647 1728 ri-recurrae]
688 1666 940 1730 erettctcueutv.
956 1669 1202 1734 i,17.),alterum,

134 1753 195 1801 nubi
205 1765 235 1810 ex
246 1753 314 1800 Foro
325 1749 357 1797 ad
370 1749 563 1804 Maecenatem,
574 1749 649 1808 quasi
688 1748 720 1794 de
737 1760 789 1808 quo
807 1748 849 1795 tric
863 1747 994 1808 loquitur,
1015 1763 1096 1811 prope
1110 1763 1204 1800 arcum

133 1829 203 1890 apud
227 1842 289 1876 eum
314 1815 463 1882 habitares,
492 1823 651 1873 festinanter
687 1823 852 1882 Fabianum,
881 1825 973 1873 Puteal
993 1827 1098 1874 Libonis
1123 1825 1201 1890 (Epp.

132 1907 254 1952 redeas.»
687 1902 711 1957 1,
735 1901 825 1958 tce.
864 1901 937 1950 Pers.
958 1902 985 1956 d,
1007 1900 1064 1964 tit.)
1094 1903 1201 1953 Pernen

166 1979 278 2028 32-35.
298 1979 353 2026 Hoc
362 1975 453 2038 iuvat]
476 1978 649 2039 «saepeinvt-
686 1981 886 2027 scribonianum
917 1979 944 2027 ia
972 1979 1088 2028 denariis
1116 1981 1201 2042 gentis

131 2071 191 2106 sere
216 2057 428 2107 Maecenatem.»
457 2078 487 2089 -
511 2068 648 2103 nommen·
686 2055 841 2104 Soriboniae
869 2051 986 2117 (Eckhei
1014 2057 1045 2105 D.
1067 2057 1098 2108 N.
1119 2059 1144 2107 5.
1174 2073 1201 2121 p.

131 2130 202 2192 tter]
232 2132 332 2178 «tibere
357 2125 487 2178 iatebor'.»
522 2129 569 2189 Est
595 2145 648 2180 ser·
685 2129 769 2190 act),
790 2132 875 2181 forma
889 2133 1038 2181 exhibetur.
1066 2133 1122 2182 aad
1140 2148 1227 2198 eum·
1287 2137 1292 2144 '

131 2211 217 2258 monis
232 2207 389 2269 quotidiani.
417 2207 472 2256 Cic.
484 2209 517 2256 ad
530 2207 605 2258 Fam.
620 2209 646 2271 3,
685 2208 774 2257 locum
791 2209 988 2258 conveniebant
1008 2209 1201 2261 temeratores.»

129 2287 163 2336 d:
184 2287 257 2346 Quod
265 2285 377 2332 scribta·
390 2285 523 2339 -idmttn',
537 2299 648 2335 nemen·
685 2286 751 2334 Acn.
782 2309 811 2320 -
839 2282 1022 2346 adeereJ'non
1048 2289 1204 2338 advocatum
1255 2323 1257 2326 -

130 2360 645 2426 tiar,9eatumcst.-atras]quiaotim
685 2364 712 2412 iu
737 2363 851 2424 iudicio,
883 2365 929 2412 sed
954 2377 1102 2428 sponsorem
1131 2367 1202 2428 apud

128 2443 215 2492 iuerat
231 2441 315 2503 plebis
330 2439 438 2487 intimae
448 2440 644 2500 sepulcretum3
684 2442 877 2502 argentarium,
888 2447 917 2490 ut
930 2441 985 2490 Cic.
998 2455 1045 2504 pro
1055 2441 1164 2502 Quintio
1172 2445 1201 2493 c.

129 2527 192 2569 tuuc
206 2533 270 2568 vero
280 2519 360 2566 turris
371 2517 573 2566 Maecenatiana
584 2532 644 2568 cnm
718 2519 762 2568 36.
794 2516 837 2567 37.
874 2519 912 2566 De
932 2515 984 2578 re]
1016 2519 1084 2568 Ecce
1110 2519 1201 2569 Roscii

92 2596 95 2605 '
128 2600 205 2647 horto
224 2598 260 2645 ibi
283 2601 414 2645 exstructa
437 2599 504 2642 erat.
542 2595 597 2645 Sat.
618 2598 643 2656 1,
684 2611 767 2659 puero
785 2593 939 2658 supervenit
960 2596 1033 2644 illico
1051 2597 1199 2646 scribarum

128 2675 268 2734 8,1t.-
292 2669 408 2733 centum]
441 2678 581 2721 «sexcenta
599 2687 645 2720 ne·
683 2675 802 2722 nuntius.
840 2673 944 2721 Etenim
965 2675 1127 2734 postaciem
1140 2675 1201 2723 Phi·

128 2753 199 2814 gotia
212 2753 246 2799 ab
265 2751 338 2798 omni
358 2753 433 2811 purte
451 2763 493 2796 me
510 2755 607 2798 vexant
620 2757 645 2800 et
682 2751 832 2810 lippensem
846 2751 985 2809 Horatius,
1005 2762 1057 2810 quo
1077 2763 1105 2798 sc
1120 2751 1201 2812 patri-

128 2830 204 2891 quasi
221 2826 443 2877 circumvallant.»
465 2822 538 2884 (Ter.
552 2825 603 2874 Ad.
618 2827 643 2886 3,
683 2827 774 2874 monio
788 2827 903 2875 maxima
920 2837 951 2873 ex
964 2831 1039 2887 parte
1054 2828 1198 2886 spoliatum

126 2907 152 2965 2,
172 2903 211 2966 tt.)
233 2929 263 2939 -
283 2900 438 2963 secundom]
460 2902 536 2949 nobis
557 2915 587 2950 er
601 2916 645 2952 va·
683 2909 852 2961 sustentaret,
873 2903 1002 2964 seriptum
1016 2906 1199 2964 quaestorium

126 2969 173 3030 riis
194 2983 258 3029 anni
272 2980 435 3040 temporibus
453 2978 496 3026 vei
513 2983 584 3026 sexta
602 2981 660 3030 veru
683 2985 865 3042 compararem
884 2991 977 3030 verum
996 2981 1029 3028 ab
1046 2981 1097 3028 boc
1118 2992 1199 3042 quae·

127 3059 255 3118 septima,
283 3057 394 3103 Horatio
417 3056 508 3116 utique
527 3055 589 3102 satis
606 3057 647 3103 in·
683 3057 794 3116 sticum,
813 3061 842 3104 ut
858 3057 981 3115 videtur,
1001 3057 1110 3105 circiter
1124 3071 1149 3105 a.
1169 3071 1197 3106 u.

127 3135 284 3189 commoda:
306 3131 451 3192 argentarii
471 3137 563 3179 contra
581 3137 645 3182 tunc
683 3147 706 3180 c.
727 3133 787 3182 717.
809 3133 861 3182 iam
880 3146 938 3181 scae
957 3139 1117 3202 removerat.
1154 3135 1199 3185 M-

126 3213 240 3273 negotiis
260 3223 356 3258 vacare
378 3209 553 3271 incipiebant.
586 3209 642 3258 Cic.
682 3209 829 3258 biiominus
841 3211 946 3258 scribae
958 3212 1063 3272 poetam
1077 3211 1198 3272 collegae

127 3305 175 3354 pro
190 3289 299 3350 Quintio
317 3287 343 3334 6.
363 3314 395 3322 -
415 3287 519 3335 Rosciam
532 3284 642 3349 orabat]
682 3289 741 3336 loeo
762 3287 862 3336 habere
880 3294 1020 3350 pergentes
1038 3301 1101 3339 eum
1117 3277 1198 3338 inter«

125 3369 212 3417 Verba
229 3369 291 3414 sunt
307 3365 377 3412 serii
394 3363 499 3420 Roseii;
520 3363 644 3424 imperie-
682 3366 745 3413 dum
758 3365 938 3423 advocabant,
958 3367 1004 3414 ubi
1020 3366 1054 3416 de
1070 3367 1197 3416 rebusad

124 3454 197 3496 ctum
210 3439 316 3500 autem,
338 3443 407 3505 quod
422 3442 570 3502 praesentis
583 3443 643 3489 vice
681 3455 711 3490 se
727 3443 922 3503 pertinentibus
935 3443 1128 3503 consultarent,
1144 3456 1198 3506 quc

125 3524 200 3583 iungi
220 3523 326 3577 dicunt,
356 3520 443 3580 potins
464 3519 502 3565 eic
523 3518 641 3577 explieat
683 3519 895 3578 postulatusne,
927 3520 975 3568 itto
999 3523 1070 3582 apud
1092 3523 1197 3571 Maece·

126 3601 236 3647 «orabat
256 3612 288 3646 eo
307 3598 434 3656 temporis
453 3600 567 3656 puncto,
590 3609 643 3656 quo
680 3601 769 3644 uatem
787 3597 986 3655 intercedente,
1007 3597 1115 3647 facilius
1128 3599 1196 3647 obti-

125 3690 168 3726 me
179 3677 228 3726 hoc
240 3676 286 3723 tibi
299 3675 422 3722 nuntiare
434 3673 537 3720 iussit.»
553 3695 580 3706 -
594 3671 643 3719 Pn-
681 3679 785 3722 nerent.
803 3697 830 3708 -
850 3671 957 3734 reverti]
979 3685 1090 3750 «rursus
1101 3677 1196 3724 adesse
