2658 4128
144 181 224 254 ido
496 205 635 252 nonam
663 193 859 252 sarrensem
902 242 907 249 .

96 315 100 330 .
142 341 217 410 Hoc
240 342 295 408 nbi
317 345 489 410 confusum
511 347 615 410 sectis
635 345 793 408 inferbuit
814 343 927 406 berbis

142 460 353 549 Corycioque
374 481 473 530 croco
495 467 643 548 spdrsum
666 465 782 543 stetit,
802 465 938 545 insuper
959 461 1065 526 addes

142 580 267 648 Pressa
289 583 609 667 Venafranaequod
631 585 715 648 bace
735 583 860 646 remisit
886 582 1005 644 olivae.

44 698 51 708 '
143 701 277 768 Picenis
299 703 421 768 cedunt
442 705 548 786 pomis
570 703 719 767 Tiburtia
740 717 857 784 sueco;

143 821 226 886 Nam
248 822 334 888 facie
355 825 539 906 praestant.
582 823 754 886 Venucula
776 821 935 886 convenit
957 818 1048 904 otiis,

143 941 284 1020 Rectius
306 942 469 1007 Albanam
494 943 582 1005 fumo
605 941 778 1005 duraveris
799 959 906 1005 uvam.

143 1060 242 1126 Hane
264 1079 328 1148 ego
351 1080 423 1128 cum
445 1063 553 1145 maiis,
574 1079 638 1148 ego
661 1060 786 1126 faecem
809 1063 933 1144 primus
954 1062 988 1123 et
1009 1060 1111 1146 sileo,

144 1177 274 1244 Primus
297 1179 333 1245 et
352 1183 504 1244 invenior
525 1182 621 1262 piper
641 1181 749 1244 eibum
770 1198 842 1244 cum
864 1181 935 1244 sale
958 1181 1056 1267 nigro

144 1302 311 1364 lucretum
335 1301 427 1382 puris
449 1301 724 1382 circumposuisse
745 1301 874 1363 catillis.
1178 1295 1219 1358 75

143 1420 288 1484 immane
310 1423 362 1483 est
383 1421 498 1481 vitium
521 1417 601 1482 dare
622 1419 709 1481 milia
730 1420 827 1482 terna
848 1419 986 1483 macello

142 1537 368 1622 Angustaque
389 1557 499 1625 vagos
521 1540 631 1622 pisces
652 1555 774 1619 urgere
795 1539 917 1602 catino.

144 1657 274 1748 Magna
295 1662 407 1724 movet
430 1658 601 1724 stomacho
623 1657 775 1740 fastidia,
796 1675 855 1722 seu
877 1675 961 1742 puer
983 1661 1088 1740 unctis

177 1909 222 1956 67.
247 1907 291 1956 118.
330 1907 385 1954 Hoc
400 1903 458 1968 ubi]
485 1905 601 1968 Simpiex
616 1905 662 1966 igi·
702 1905 800 1953 bonam
826 1917 932 1966 passam
954 1906 1095 1954 comedere
1116 1907 1216 1955 institu.

145 1989 188 2030 tur
209 1983 249 2030 ius
274 1984 413 2032 constabat
432 1996 463 2030 er
483 1983 558 2042 oleo,
586 1983 663 2041 vino,
702 1996 762 2030 cum
777 1982 854 2030 malis
869 1981 1035 2042 recentibus,
1056 1984 1216 2045 quoutrius-

145 2061 249 2108 muria:
264 2061 443 2122 compositum
458 2066 547 2108 autem
558 2073 587 2108 ex
602 2061 662 2118 boc,
702 2074 753 2123 que
774 2074 853 2124 sapor
869 2075 977 2124 prorsus
999 2061 1137 2117 diversus,
1164 2061 1218 2110 iam

145 2139 216 2200 quod
235 2139 344 2198 simplex
362 2142 452 2196 vocet,
474 2139 584 2187 decocto
602 2151 662 2185 cum
702 2139 864 2200 permixtus,
885 2137 1003 2200 palatum
1024 2139 1171 2188 iiiiiiaret.»
1188 2163 1218 2174 -

144 2215 235 2262 herbis
244 2214 385 2262 odoriferis
396 2212 468 2276 (rore
479 2217 592 2274 marino,
608 2215 662 2278 tby-
700 2213 804 2278 [aecem]
825 2216 870 2264 Est
885 2217 986 2278 saecula
999 2215 1052 2264 Coo
1071 2199 1218 2278 (siesse,

145 2303 200 2347 mo,
221 2287 326 2350 croc0);
348 2291 459 2350 deinde,
480 2293 525 2340 ubi
543 2298 661 2350 steterat,
700 2289 739 2355 9.)
758 2295 957 2356 petronater
978 2294 1167 2343 Weinrtein.
1188 2317 1220 2329 -

145 2370 450 2418 mrsusadmiscehmur
467 2371 556 2419 oleum
578 2370 663 2419 Vena·
700 2367 774 2433 allec]
800 2371 941 2421 Cantor.
969 2371 1039 2420 Ptin.
1059 2373 1103 2430 31,
1122 2373 1149 2432 8,
1169 2373 1218 2422 td:

144 2443 252 2496 itanum
276 2447 418 2509 trigidum,
446 2450 577 2510 optimum
597 2449 663 2497 iliud
704 2449 798 2498 Vitium
823 2451 884 2513 pari
907 2457 943 2498 est
966 2451 1042 2505 alem,
1069 2451 1220 2514 imperfecta

145 2538 176 2574 cr
196 2526 352 2587 Campania.
384 2527 434 2575 0d.
455 2527 538 2587 mo,
559 2528 602 2576 15.
633 2554 661 2563 -
700 2527 848 2576 meccotate
865 2528 935 2588 foen.
976 2529 1221 2578 Tramiitintucu·

146 2601 268 2664 corycio]
288 2605 358 2653 Ptin.
378 2606 425 2663 21,
446 2605 493 2653 17:
513 2593 664 2655 Primomo·
701 2607 787 2662 riam;
804 2605 971 2666 pervenitad
990 2613 1101 2660 ostreas,
1121 2607 1221 2655 eebinor

144 2680 232 2728 bilitas
247 2683 337 2733 Cilicio
356 2680 458 2744 (croco)
478 2690 501 2732 et
519 2683 555 2732 ibi
572 2687 600 2732 im
618 2685 664 2732 Co·
701 2706 711 2716 ·
724 2708 734 2717 -
746 2680 886 2730 multorum
898 2684 1022 2742 iecinora,
1033 2685 1221 2746 innumerisque

67 2777 68 2786 ¹
144 2769 205 2819 rpco
217 2765 313 2808 mente.
326 2785 355 2794 -
368 2757 454 2822 stetit]
471 2762 664 2823 operaiiquauss
701 2761 832 2822 peceribus
841 2761 876 2808 ad
884 2774 1003 2821 soporem
1009 2763 1085 2825 petae
1091 2763 1173 2824 coepit
1181 2763 1223 2810 001

145 2840 202 2884 tum
220 2838 347 2899 temporis
366 2839 444 2888 desiit
462 2838 566 2890 seruere
583 2844 663 2901 atque
703 2839 837 2886 tabescere.
854 2863 883 2872 -
895 2840 972 2900 piper
980 2837 1078 2900 elbum]
1092 2840 1162 2888 Plin.
1178 2841 1220 2900 12,

145 2916 288 2978 intepuit.»
702 2915 728 2975 7,
740 2913 783 2964 11.
793 2917 931 2964 candidum
942 2921 1032 2976 vocat,
1043 2917 1124 2965 lenius
1133 2919 1220 2980 mipro.

179 2983 301 3042 7‘0—75.
322 2991 435 3055 Picenis]
456 2995 556 3043 lamed
570 3008 665 3043 secuu-
703 3018 735 3027 -
754 2993 806 3041 saie
824 2989 918 3056 nipro]
946 2993 1096 3055 Oppouitur
1114 2993 1221 3058 Tigellii

141 3069 191 3117 das
213 3082 320 3117 mensas
337 3072 441 3120 transii.
471 3073 666 3134 Tiburtinapo·
702 3069 753 3118 soti
772 3084 851 3130 puro.
881 3066 946 3132 (Sat.
967 3071 1047 3132 1,3‚
1068 3067 1123 3133 11.)
1150 3069 1221 3120 Ρ110.

144 3149 232 3194 maria
246 3151 308 3194 noia
323 3147 375 3194 iam
390 3161 421 3195 ex
433 3148 483 3196 Od.
499 3151 524 3207 1,
538 3150 565 3207 7,
580 3149 622 3198 11.
634 3175 663 3184 -
703 3146 746 3204 31,
766 3146 792 3200 7,
812 3146 863 3195 to:
892 3147 1038 3210 Qaiminqae
1057 3148 1127 3212 lipmo
1145 3149 1223 3212 confit

146 3221 416 3284 VenuculalPiiu.1d,
425 3225 451 3284 2,
459 3226 506 3274 at:
518 3227 666 3274 Venientem
703 3224 757 3281 sat,
776 3225 851 3286 niper
869 3231 915 3272 est.
939 3225 1050 3274 Videtur
1068 3225 1224 3274 salsissimas

39 3291 44 3298 ⁸
146 3297 249 3363 (uvam)
263 3301 323 3350 ollis
345 3300 435 3364 (vasis,
451 3304 478 3352 10
492 3305 589 3366 quibus
603 3318 666 3352 con·
703 3297 784 3360 (Ptin.
805 3301 822 3348 1Ι
844 3302 863 3350 1.
883 3299 912 3361 §.
931 3299 988 3362 11.)
1008 3303 1101 3352 fuisse.
1122 3329 1153 3338 —-
1181 3303 1222 3350 In·

76 3441 85 3448 .
146 3377 289 3441 debentur)
300 3381 463 3440 aptissimam
474 3371 602 3442 Campani
611 3396 666 3430 ma·
703 3375 808 3440 cretum]
830 3392 895 3441 «per
914 3381 1110 3429 incernicuium
1131 3395 1153 3428 s.
1173 3380 1224 3428 cri-

145 3458 664 3513 100101001000000000,0110000100.
704 3456 782 3504 brum
800 3457 988 3517 permixtorum
1009 3462 1037 3506 ui
1055 3459 1139 3505 mirus
1160 3457 1224 3508 inde

147 3559 178 3570 ·-
206 3537 277 3598 sumo
295 3532 446 3596 duraveris]
474 3535 665 3584 «servaveris.”
704 3539 861 3582 nasceretur
884 3535 959 3583 coior
985 3535 1060 3596 quasi
1087 3535 1222 3596 cinereus,

146 3613 238 3662 Gonu.
253 3611 301 3662 Ca.
315 3612 386 3661 Plin.
401 3611 444 3671 11,
458 3611 489 3661 33
505 3613 570 3660 Aliis
584 3609 665 3677 (uvis)
704 3612 732 3659 in
748 3611 808 3659 aliis
821 3613 922 3660 mensis
936 3625 1074 3672 nunquam
1088 3611 1172 3661 visus.
1192 3638 1221 3648 -

146 3693 270 3751 pretinm,
291 3689 465 3752 quinetiam,
487 3692 572 3752 samue
590 3692 667 3756 affert
701 3689 791 3753 puris]
818 3691 948 3753 «ideoque
966 3687 1128 3749 elegantiam
1147 3694 1224 3750 grato

147 3765 258 3828 [atritis.
281 3791 311 3802 -
330 3767 407 3815 Home
427 3763 483 3830 epo]
506 3767 605 3817 «Uvam
623 3769 667 3817 11·
703 3769 793 3830 sapori
811 3768 998 3816 addentibus.»
1026 3789 1055 3800 -
1083 3768 1225 3828 010000000-
