2658 4128
139 145 216 212 152
493 168 633 213 nonnnu
655 123 854 252 strennuum
893 149 894 153 ’
1313 126 1322 252 ᾗ

135 272 169 368 0
188 306 217 366 si
238 321 353 384 ornem
375 305 508 388 urgenti
529 303 601 365 fors
623 319 707 385 quse
728 301 805 364 mitri
825 263 988 365 monstret
1009 305 1046 366 ut
1060 302 1124 380 illi,
1170 299 1220 358 1⁰

54 448 79 484 ·.
134 421 305 486 Thesauro
328 422 466 484 invento
489 421 549 502 qui·
565 421 788 484 mercenarius
809 438 925 506 ugrum

133 542 230 603 Ilium
253 541 358 622 ipsum
381 539 545 602 mereutus
566 540 692 620 erevit,
714 537 810 600 dives
831 539 938 601 amieo
1000 593 1003 598 .

29 680 32 684 ¹
133 652 295 722 Hercule!
317 653 373 734 st,
389 655 476 739 qnod
491 655 603 740 adest,
617 658 748 742 gratum
763 658 873 732 iuvet,
888 655 951 720 hoo
966 673 1066 737 preoe
1081 657 1115 719 te
1128 673 1213 718 oro:

133 774 264 862 Pingue
286 793 389 858 pecus
411 773 544 836 domino
563 757 669 836 iscius
691 775 725 836 et
746 775 859 838 cetere
881 777 1017 856 praeter

26 883 28 891 ’
133 895 323 980 Ingenium,
345 897 446 975 utque
468 893 572 973 soles,
595 895 709 956 eustos
729 889 805 952 mihi
827 892 986 954 maximus
1006 890 1109 955 adsis.
1167 885 1211 944 15

132 1011 226 1098 Ergo
249 1013 376 1076 ubi-me
398 1013 431 1072 in
453 1013 582 1072 montes
603 1011 636 1071 et
658 1009 692 1070 in
713 999 822 1105 eroum
845 1027 888 1072 ex
908 1011 991 1074 urhe
1011 1008 1154 1088 removi,

133 1128 222 1209 Quid
244 1131 334 1210 prius
355 1131 515 1192 illustrem
536 1128 650 1195 setiris
671 1144 826 1208 musaque
846 1117 1024 1209 pedestri?

131 1249 203 1314 Nee
225 1249 310 1311 meio
332 1265 382 1310 me
403 1246 537 1309 ambitio
560 1240 669 1326 perdit
692 1219 754 1308 nee
776 1247 947 1325 plumbeus
969 1242 1096 1306 Auster

132 1366 387 1466 'Autumnusque
407 1350 539 1451 gravis,
560 1363 725 1430 Libitinae
748 1365 906 1444 quaestus
926 1335 1079 1425 eeerbae.

70 1723 71 1732 ¹
132 1708 278 1770 quadratus
298 1717 353 1753 non
373 1704 434 1752 sit.»
455 1725 485 1738 -·
504 1703 559 1766 sort
573 1697 648 1762 pune]
687 1711 768 1761 preve
801 1696 913 1744 ambitio
945 1709 989 1745 me
1019 1702 1118 1748 vexet»
1149 1704 1202 1750 oet.

132 1786 278 1835 construe:
298 1785 401 1843 siquae
418 1775 530 1842 (alique)
548 1781 613 1841 forr.
689 1798 718 1808 -
746 1773 870 1834 Musaque
893 1768 1025 1833 pedestri]
1064 1771 1118 1822 Cir.
1146 1773 1202 1824 Set.

167 1861 288 1910 13-15.
313 1855 439 1918 Horatio]
459 1859 486 1904 h.
501 1856 520 1904 1.
534 1854 648 1903 utPers.
686 1853 717 1910 1,
744 1850 775 1909 lt,
802 1850 847 1898 47.
872 1848 923 1899 Od.
948 1849 979 1909 2,
1006 1850 1054 1910 12,
1078 1851 1105 1900 9.
1133 1851 1202 1912 Epp.

131 1939 157 1997 2,
172 1938 212 1984 11.
231 1931 439 1996 πλουτοδότης.
479 1931 529 1979 «Ut
544 1931 648 1982 Merou—
685 1927 712 1984 2,
735 1928 760 1987 1,
777 1927 843 1976 250:
874 1925 1007 1976 Serruouee
1024 1933 1139 1988 repentes
1153 1940 1202 1988 per

7 1985 34 2036 i*
133 2013 189 2060 rius
207 2011 305 2072 opertis
323 2010 405 2057 tueris
428 2013 455 2056 et
473 2007 647 2068 negotiationi
685 2005 797 2050 humum.
817 2029 847 2038 -
864 2002 997 2064 plumbeus
1015 1999 1118 2066 Auster]
1138 2001 1200 2062 (Sei-

132 2093 272 2152 preeerat,
292 2087 331 2134 sio
348 2084 479 2134 Hercules
496 2084 648 2144 opertietu-
685 2077 769 2142 roceo)
797 2086 888 2128 «aestu
914 2093 963 2128 ouo
984 2094 1081 2143 eorpus
1107 2089 1202 2142 eggre-

131 2168 183 2216 oris
197 2166 253 2213 eive
265 2164 408 2212 thesauris.
429 2162 524 2210 Soron.
541 2184 571 2194 -
587 2173 649 2224 prp-
686 2169 765 2216 vans,
789 2157 913 2220 viresque
934 2157 970 2206 ita
992 2161 1154 2216 extenuant»
1174 2162 1203 2207 ui

130 2250 185 2291 tum
203 2236 293 2298 iuuat]
320 2239 371 2289 «ita
390 2239 477 2297 iuret,
496 2243 526 2286 ut
542 2243 647 2298 gratum
686 2234 753 2283 nihil
781 2235 871 2284 moliri
902 2237 1003 2298 possim
1031 2249 1119 2298 neque
1147 2242 1204 2286 stu-

130 2319 163 2366 sit
176 2318 267 2366 animo
281 2329 369 2365 meos
391 2339 421 2352 -
440 2311 552 2378 Ptnpue]
573 2315 647 2364 loea—
685 2319 735 2370 diis
744 2333 868 2371 venere.»
880 2345 908 2358 -
929 2319 1035 2383 praeis]
1058 2323 1201 2384 «pestilen-

128 2400 173 2444 tur
186 2395 213 2444 in
231 2395 358 2455 ambiguo
375 2392 527 2454 significatu
545 2407 571 2442 v.
587 2393 647 2453 pin·
685 2398 749 2446 tiam
768 2411 860 2446 seeum
882 2398 1025 2447 afferens.»
1060 2400 1202 2460 Letiferum

128 2485 193 2537 pue,
221 2473 292 2534 quod
312 2472 346 2520 ad
368 2471 506 2532 ingenium
531 2469 646 2526 relatum
685 2462 1007 2536 nomimtturen.'t‚5t.
1022 2501 1051 2512 —
1071 2473 1199 2536 Libitina]
1299 2467 1303 2474 ’

129 2550 262 2612 significet
284 2562 436 2608 «erassum,
460 2549 594 2597 tardum.»
614 2571 645 2582 -
683 2550 809 2602 funerum
836 2551 887 2602 dea
912 2553 1006 2601 Italiae
1030 2554 1111 2602 modo
1136 2567 1200 2602 eum

127 2617 229 2689 mutor]
247 2623 354 2695 Ἑρμῆς
369 2627 484 2692 λόγιος,
505 2628 645 2689 poetarum
682 2630 859 2691 Proserpinae
887 2631 967 2678 modo
993 2643 1055 2678 oum
1083 2629 1198 2680 Veneris

44 2741 48 2750 ,
127 2719 234 2768 semper
261 2712 365 2764 eustos,
397 2708 470 2754 unde
496 2707 545 2754 hos
567 2711 645 2754 vocet
683 2708 794 2755 numine
819 2721 835 2756 e
857 2707 1020 2756 doctioribus
1043 2707 1197 2766 ooniunota,

125 2786 197 2833 uiros
214 2784 379 2835 Mercuriales
395 2783 448 2833 Od.
467 2784 495 2838 2.
515 2783 558 2838 tr,
577 2783 620 2832 29.
683 2785 716 2831 in.
731 2785 808 2832 ouius
824 2785 954 2846 templum
972 2789 1022 2846 pro·
1037 2797 1145 2846 quoque
1158 2784 1200 2834 su·

161 2861 288 2910 re-ts.
324 2857 442 2921 montes]
473 2861 587 2908 Sabinos
618 2864 645 2908 et
682 2875 747 2912 nore
761 2875 886 2912 nummus
905 2863 1088 2920 inierebutun
1116 2863 1198 2922 item,

125 2938 153 2987 tn
171 2937 264 2988 viltam
283 2950 387 2997 msam,
413 2951 513 2996 oraora,
533 2937 597 2998 quia
615 2936 643 2983 in
682 2940 1003 3002 quaeeunqueudiuneru
1017 2941 1196 3002 pertinebant,

124 3014 185 3064 loeo
198 3016 270 3064 edito
285 3015 424 3063 aedificate
438 3019 504 3063 eret.
525 3035 556 3050 -
576 3013 644 3074 Quid
681 3018 718 3065 ibi
727 3017 886 3066 locabantur
896 3023 922 3067 et
935 3018 1134 3076 vendebantur;
1149 3017 1199 3078 igi·

120 3090 214 3154 prtur]
262 3092 374 3152 Scripsit
403 3093 470 3140 heeo
499 3096 546 3140 tat
580 3091 644 3140 seri·
680 3101 738 3155 tur,
758 3108 812 3158 quo
831 3095 922 3156 plures
938 3097 1137 3152 moriebantur,
1164 3107 1198 3144 eo

123 3171 209 3232 psisse
223 3183 251 3218 se
267 3169 343 3230 tingit
360 3170 430 3228 ruri,
452 3170 579 3231 quocireu
592 3170 647 3218 hoe,
680 3173 767 3220 maior
792 3177 817 3220 at
839 3173 922 3232 ipsius
943 3173 1009 3220 dere
1031 3173 1057 3222 ei
1080 3171 1199 3222 libitina·
1283 3217 1287 3224 .

122 3248 205 3295 dieite
243 3247 342 3309 attane
372 3259 433 3295 eum
459 3247 487 3294 in
512 3246 641 3296 Sabinum
680 3250 796 3307 riorum,
840 3249 886 3310 qui
919 3249 1015 3298 funera
1049 3249 1196 3306 curabunt,

122 3337 213 3374 meum
236 3337 266 3372 er
284 3324 354 3372 Urbe
373 3338 417 3373 me
436 3325 541 3387 reoepi,
569 3323 642 3372 Seti-
680 3331 805 3389 quaestus
824 3331 891 3376 eret.
1036 3309 1039 3327 ¹

121 3397 178 3460 ree,
198 3401 639 3478 quumcomponereJertunimus,
713 3403 840 3458 20-24,
876 3404 1007 3455 Matutine
1021 3399 1117 3464 pater]
1145 3401 1197 3451 Ite·

122 3484 310 3538 argumentum
324 3479 408 3539 teugo
427 3480 595 3540 aptissimum
614 3478 640 3527 iu
679 3481 852 3544 scriptionem
871 3481 1106 3530 inoommodorum
1124 3480 1197 3530 vitae
1280 3489 1285 3498 “

121 3557 186 3614 erit,
208 3561 236 3604 ot
248 3557 319 3606 laeto
330 3557 583 3617 untmopruedioem
597 3569 640 3604 ru·
679 3559 798 3608 urbanae
821 3557 886 3608 eoite
906 3559 1009 3608 orditur
1025 3559 1067 3606 ab.
1083 3559 1197 3608 innoee-

119 3634 269 3682 stieetionis
289 3634 408 3692 insignia
425 3634 532 3689 bonav)
548 3624 639 3694 ‘eaque
678 3637 751 3687 tione
764 3635 840 3693 lani,
860 3637 906 3698 qui
919 3636 1010 3685 omnia
1022 3635 1100 3684 initia
1112 3635 1196 3684 sortu-

118 3710 206 3759 statim
227 3714 383 3758 enumeret:
410 3709 478 3758 ultio
495 3709 570 3758 enim
588 3721 640 3760 neo
678 3719 738 3782 nat,
765 3713 851 3772 vitae,
879 3712 1195 3774 annt‚,n.1.negotio-
