2658 4128
119 92 197 160 156
283 189 285 198 Ι
474 115 613 165 nonnum
635 119 833 166 sannorum

116 250 268 316 Invidiae
290 255 414 315 noster.
456 255 570 318 lmdos
589 251 813 338 'spectaverat
827 273 909 337 una,

115 368 258 432 Luserat
281 372 314 431 in
334 387 466 451 eampo:
488 371 656 436 Fortunae
679 373 780 456 lilius,
803 391 925 436 omnes.-

116 485 274 568 Frigidus*
294 506 313 548 a
336 487 470 552 Rostris
492 493 602 552 manat
624 509 684 573 per
706 492 849 572 compita
869 507 996 553 rumor:

116 602 310 688 Quicunque
333 607 456 669 obvius·
472 610 541 690 est,
563 627 613 672 mc
629 611 786 676 consulit:
807 605 835 672 0
854 609 958 684 bone,
980 626 1053 670 nam
1070 611 1105 672 te

115 719 228 798 Scire,
249 722 331 786 deos
353 721 503 806 quoniam
527 729 663 808 propius
684 728 867 813 contingis,
890 728 1038 807 oportet,

114 840 198 904 Num
221 840 361 922 quidde
385 843 485 906 [lacis
507 837 653 906 audisti?
684 845 739 908 Nil
761 843 920 926 equidem.
956 841 1004 906 Ut
1025 846 1063 904 tu
1103 885 1106 890 ,

30 981 33 986 ’
115 955 256 1040 Semper
278 961 344 1022 cris
367 954 511 1022 derisor!
535 959 582 1022 At
605 979 718 1024 omncs
741 961 772 1022 di
786 947 969 1050 =exagitent
991 979 1059 1042 me,

114 1073 153 1142 Si
170 1077 353 1161 quidquam.
376 1070 490 1156 Quid?
513 1079 666 1140 militibus
683 1080 843 1160 promissa
858 1077 1035 1159 Triquetra
1144 1075 1187 1136 55

115 1193 258 1258 Praedia
281 1196 421 1277 Cacsar,
443 1213 486 1257 an
509 1199 562 1256 esi
583 1197 671 1258 Itale
692 1195 810 1258 tellure
832 1187 1000 1258 daturus?

115 1315 281 1382 iurantem
304 1331 355 1376 mc
377 1315 462 1382 scire
486 1313 564 1375 nibil
588 1315 746 1376 mirantur
766 1315 803 1394 ut
825 1331 922 1374 unum

115 1427 253 1496 Scilicet
276 1433 404 1518 egregii
426 1431 595 1494 mortalem
616 1432 740 1514 altique
761 1430 881 1493 silenti.

165 1649 403 1768 andtihlncidiae.
439 1651 531 1701 Noster
550 1650 623 1698 laedor
640 1649 733 1699 Lamb-
754 1649 815 1698 Fca.
836 1648 905 1697 ibid.
923 1649 1078 1709 spectauerit
1090 1667 1123 1684 ·-
1135 1649 1189 1696 La-

113 1721 176 1770 san't
218 1753 225 1768 .
274 1719 327 1768 ein.

113 1895 141 1942 b.
163 1893 182 1940 l.
205 1906 236 1940 ex
256 1905 302 1940 ore
323 1893 395 1953 volgi
420 1893 561 1941 Horatium
580 1893 630 1941 sibi
669 1907 751 1956 perne
773 1894 823 1942 crit
842 1893 984 1942 derisoria
1012 1895 1056 1940 et:
1085 1891 1135 1940 «Ut
1155 1895 1183 1940 tu

113 1970 304 2018 consociantls.
324 1970 589 2030 Plusquampcriecla
603 1971 630 2018 in
669 1983 775 2032 semper
786 1981 811 2023 es
825 1970 929 2018 demsor
940 1970 973 2016 l»
995 1993 1023 2004 -
1052 1969 1080 2030 dt
1095 1969 1183 2030 ecept-

111 2046 265 2107 spectaverit
282 2051 309 2094 et
332 2045 420 2094 basem
440 2052 544 2095 mutare
563 2047 629 2096 nibil
668 2045 739 2108 tent}
767 2047 894 2095 Formula
912 2047 999 2094 solitu.
1028 2045 1091 2092 Tac.
1110 2044 1183 2092 Ano.

112 2111 255 2179 attinebat,
283 2135 344 2170 cum
369 2124 402 2172 eit
426 2123 499 2174 velut
524 2125 630 2186 species
667 2124 694 2182 6,
707 2124 734 2172 6.
760 2123 788 2171 in
811 2123 911 2171 Tiberii
933 2121 1069 2184 Epistola:
1097 2122 1126 2168 di
1144 2133 1185 2169 nte

112 2200 330 2270 interrogationis
347 2200 464 2249 directae
483 2215 531 2262 pro
548 2203 630 2264 hypo·
666 2202 855 2264 deaequepeius
862 2201 990 2262 perdant,
1009 2211 1088 2260 quom
1096 2199 1185 2259 perire

111 2277 211 2326 thetica
229 2277 372 2338 siquando
390 2283 534 2338 spectarat,
555 2291 630 2340 pror·
666 2292 705 2326 me
722 2278 947 2340 quotidinaum,
967 2277 995 2324 ιι·
1009 2276 1086 2324 tcto.

111 2353 320 2413 snsutSat.2,
341 2354 444 2413 ’1,68ι
472 2356 564 2404 Eaaatt
581 2369 628 2418 pro
707 2355 836 2404 55-59.
880 2353 1005 2402 militibus
1031 2347 1182 2413 promitto]

98 2419 134 2482 ‘ri
152 2433 265 2481 cocartt.
667 2433 718 2482 llic
730 2443 837 2494 quoque
855 2431 951 2480 eodem
967 2435 1088 2492 tempore
1100 2425 1138 2490 (a.
1149 2441 1182 2478 ιι.
1228 2466 1230 2474 ,

145 2509 268 2558 50-514.
306 2505 444 2572 Frtpidus]
464 2509 509 2558 osi
521 2509 629 2558 sinister
666 2523 690 2560 c.
704 2510 765 2559 723.
780 2505 905 2569 excunte)
924 2508 1096 2569 quotidianus
1119 2505 1184 2556 civi·

111 2585 208 2646 uliquis
223 2597 255 2633 ac
272 2585 463 2635 formidolosus
476 2599 568 2636 rumor
580 2599 631 2649 per
665 2588 726 2636 tatis
751 2583 840 2634 sermo
865 2589 932 2638 erat.
977 2585 1036 2644 Quo
1060 2589 1183 2644 tempore

109 2662 216 2723 singula
241 2663 312 2713 bivia
337 2663 503 2724 spargitnra
525 2664 627 2712 Rostris
665 2666 731 2713 haec
753 2663 873 2724 scripsit,
894 2661 1040 2710 etiamtunc
1065 2655 1185 2720 ambige

109 2739 136 2788 in
152 2739 218 2788 urbe
231 2739 319 2788 media
336 2741 406 2800 silis,
420 2741 492 2788 unde
510 2741 626 2802 primum
666 2743 760 2798 batur,
787 2742 912 2787 utrumne
931 2739 959 2788 in
981 2737 1082 2794 Sicilia,
1099 2749 1135 2784 an
1153 2737 1183 2785 in

109 2801 257 2872 emanant,
278 2828 372 2866 omnes
387 2829 430 2865 mc
446 2829 540 2869 rerum
557 2817 626 2866 scire
664 2818 742 2866 ltalia
782 2816 917 2867 veteranis
956 2807 1191 2878 tumultuantibus

96 2879 271 2957 'opinantem
296 2899 387 2954 utpote
400 2893 446 2954 qui
461 2893 627 2955 principibus
664 2897 763 2946 Caesar
797 2907 876 2955 agros
902 2892 1013 2941 daturus
1037 2877 1117 2941 esset.
1150 2913 1182 2926 ·-

111 2972 172 3026 viris
197 2971 333 3035 proximus
359 2971 437 3018 sim.»
463 2995 495 3006 —
528 2969 626 3032 Ducit]
665 2973 803 3034 Triquetra
822 2969 974 3030 antiquiore
987 2981 1114 3018 sermone
1132 2981 1182 3029 pro

107 3048 174 3097 Cum
196 3047 238 3095 his
251 3047 288 3097 Μ.
311 3046 421 3096 Antonii
442 3047 539 3105 sociis,
568 3047 626 3108 ipso
663 3048 799 3110 trtaapulc
816 3047 886 3096 dicta
905 3051 945 3095 cst
962 3047 1053 3096 Sicilia
1065 3060 1081 3095 a
1092 3046 1181 3094 torma

107 3125 154 3174 illo
175 3137 247 3174 anno
273 3123 351 3178 72³„
378 3136 432 3184 quo
452 3124 519 3172 haee
539 3124 625 3173 Satira
661 3124 835 3185 triangulari,
860 3123 945 3172 tribus
969 3123 1179 3185 promontoriis,

107 3203 256 3263 composita
275 3205 330 3259 est,
350 3200 623 3261 bellumg‘erebatun
662 3202 802 3264 Pachyno,
823 3201 964 3264 Lilybaeo,
984 3200 1080 3250 Peloro
1093 3199 1179 3248 finita.
1207 3207 1212 3220 ‘

106 3281 140 3330 ad
153 3280 224 3343 qnod
238 3293 263 3328 ι.
278 3279 339 3328 iud.
359 3279 397 3328 M.
407 3279 529 3337 Crassus,
540 3279 623 3338 illius,
662 3280 717 3330 Cir.
732 3278 860 3339 Quinctil.
882 3279 908 3336 1,
921 3278 948 3334 c,
963 3277 1006 3326 3⁰.
1028 3301 1058 3314 -
1083 3274 1178 3336 anama]

106 3359 152 3421 qui
173 3371 189 3407 ι
210 3358 313 3406 Parthis
336 3359 442 3406 occisus
464 3363 520 3417 cst,
539 3357 622 3414 tilius,
663 3356 857 3418 «praecipuum
883 3355 1022 3413 omnium,
1050 3357 1181 3415 quotquot

105 3440 204 3486 missus
234 3442 284 3486 est.
316 3459 345 3471 -
372 3431 489 3496 derbes]
528 3432 623 3500 εἴρων.
662 3439 751 3482 sunt.»
779 3433 811 3481 llt
826 3432 938 3482 Ciceror
967 3431 1181 3493 anusplodtotor

103 3515 159 3564 Sal.
174 3515 231 3564 Cat.
246 3515 276 3563 b:
296 3514 429 3562 caiusltbet
441 3514 479 3561 ret
486 3511 625 3560 simulator
661 3512 699 3563 Μ.
715 3511 850 3568 Antoniou,
870 3509 990 3558 Catullus
1000 3521 1007 3556 ι
1017 3507 1180 3567 unmcapm'-

105 3605 136 3640 oc
163 3592 351 3642 dietbaldotor.
403 3591 484 3640 Mixto
520 3589 624 3640 videtur
661 3589 773 3651 namque.

106 3669 270 3720 constructio
286 3681 317 3718 ex
335 3668 377 3733 his
393 3666 513 3724 duabus‘3
534 3665 624 3714 oSem·
668 3702 671 3706 .
696 3664 824 3714 61-tt.
849 3658 991 3746 laetorum]
1015 3663 1183 3722 scriptorum
