2650 4122
102 142 105 147 ·
147 119 230 195 960
415 177 421 186 ,
489 141 632 191 noanrn
651 135 891 190 nemrocaabn

148 279 349 345 incolumem
370 279 430 344 tibi
451 296 503 344 mc
525 280 698 360 praestant
722 272 977 358 Septembribus
997 269 1100 336 boris.

82 397 85 401 ’
148 399 199 464 'l'u
220 388 450 484 revectans,
470 399 499 464 si
522 415 621 462 cures
642 414 718 462 esse
741 393 831 478 qnod
851 389 958 457 nudis.

148 519 317 594 lactemus
338 514 528 600 iampridem
551 516 657 580 omnis
680 519 713 578 te
735 514 842 578 Roma
865 498 1022 596 beatnm3
1106 604 1113 608 ⁵

149 633 222 704 sed
243 615 381 721 vereor,
397 654 446 700 ,ne
469 637 521 703 cui
544 634 586 710 de
609 635 741 720 te-plus
764 651 859 715 qnam
875 632 941 722 ¹tibi
963 627 1100 710 credes,

148 754 245 819 Neve
268 755 367 836 putes
388 726 488 832 eltnm
505 752 662 846 sapiente
684 751 838 834 bonoque
862 750 1022 834 beaturi,
1198 741 1240 802 20

149 873 242 956 Neu,
264 873 293 936 si
316 875 350 936 te
373 871 518 956 populus
539 889 654 936 sanum
675 873 834 951 recteque
855 868 1023 932 valentem

149 992 308 1074 Dictitet,
331 991 494 1056 occultam
517 974 728 1054 febrcm'sub
750 992 882 1070 tempus
902 985 1021 1052 edendi

149 1109 364 1191 Dissimules,
387 1105 494 1169 donec
516 1107 666 1170 manibus
688 1109 811 1196 tremor
832 1104 959 1171 ineidat
982 1105 1101 1168 unctis.
1203 1090 1206 1096 ’

122 1251 125 1260 ·
151 1219 339 1300 Stultorum
362 1225 514 1288 incurate
535 1222 643 1304 pudor
664 1226 769 1319 matus
789 1225 905 1296 ulcera
926 1223 1024 1288 celat.

102 1469 103 1477 ’
147 1468 327 1528 dinesdrtlcea
349 1467 431 1523 mibi,
452 1463 550 1527 immo,
569 1467 671 1530 utplus
709 1467 876 1529 adipiscendi
907 1471 934 1517 et
962 1467 1174 1516 conservandi.»
1205 1491 1236 1504 -

148 1547 256 1605 nicam,
272 1546 351 1594 stione
360 1559 501 1604 concertor,
517 1545 543 1594 id
557 1550 614 1604 cst,
628 1545 670 1595 vot
709 1541 803 1605 ondit]
825 1545 938 1594 «diceris
958 1559 1054 1604 esse,»
1072 1537 1105 1594 'ut
1123 1542 1235 1613 κλύεις,

147 1623 235 1682 tales,
255 1628 284 1672 ut
298 1629 325 1670 tu
342 1635 450 1685 quoquc
463 1627 490 1671 et
502 1623 589 1684 quiris
602 1623 671 1672 alius
710 1618 841 1686 ἀκούεις.
879 1624 954 1672 «Hoc
970 1630 1062 1690 autern
1078 1623 1237 1672 dictumest

147 1711 277 1752 amoenas
288 1713 347 1750 csso
356 1700 551 1760 concederetis,
565 1701 587 1748 si
600 1701 672 1763 apori
711 1699 895 1760 Socraticum,
927 1701 1010 1750 coins·
1029 1701 1154 1759 meminit
1167 1701 1235 1762 ‚Cin

147 1791 192 1830 me
209 1778 320 1838 essetis,
341 1778 587 1828 illudanteomnia
606 1778 671 1826 mibi
711 1777 743 1824 de
764 1777 841 1828 Oine.
869 1779 903 1832 2,
931 1779 978 1826 12:
1010 1779 1078 1828 bono
1103 1780 1176 1826 viom
1201 1779 1236 1826 ori

147 1851 297 1924 praebent,
325 1859 355 1903 nt
375 1860 485 1917 propter
506 1855 612 1902 caelum
632 1867 672 1902 sa·
709 1854 822 1916 pioriom
841 1857 994 1916 pronimom
1019 1856 1146 1918 etonori
1170 1869 1235 1904 com·
1293 1899 1294 1912 ,

147 1932 226 1996 inbre
240 1939 267 1998 et
285 1945 384 1996 aquam
400 1933 572 1994 purissimam
590 1931 671 1979 etiem
708 1933 875 1990 penoiortom
894 1933 994 1980 dicebat
1010 1946 1079 1987 esee,
1097 1933 1121 1980 si
1137 1935 1195 1994 pois
1208 1933 1234 1982 iet

147 2011 309 2072 gravissimo
322 2011 387 2056 anni
407 2017 526 2070 tempore
540 2005 671 2071 (letifero
710 2011 815 2070 coenet,
846 2015 894 2066 ot,
928 2009 1013 2071 quotie
1030 2009 1120 2057 baberi
1137 2010 1231 2064 veltet,

147 2092 288 2136 anctumno
316 2085 375 2136 luv.
394 2083 429 2146 i,
449 2073 506 2148 56.)
531 2085 574 2134 hic
603 2086 671 2134 bene
711 2085 773 2149 tolia
792 2091 882 2133 ercet.»
920 2083 1011 2135 Conna.
1032 2085 1080 2134 Cn.

147 2163 269 2221 valeam
291 2162 317 2210 id
339 2162 410 2224 quod
427 2163 596 2224 tibigratum
613 2162 671 2211 sore
745 2155 873 2210 ts-et.
911 2157 1030 2222 beorum]
1055 2162 1233 2224 probabiliter

145 2236 672 2300 confido.»-stcredts]1·'aoerostgni-
710 2253 764 2288 non
795 2245 898 2287 tantum
927 2246 1154 2302 propter-opes,
1187 2239 1233 2289 sed

144 2317 208 2370 fleat
227 2317 287 2368 fleri
305 2330 398 2379 posse,
418 2322 447 2365 ut
468 2330 499 2366 ce
520 2317 554 2366 de
576 2331 605 2366 re
625 2319 671 2366 do·
710 2317 791 2365 etiarn
809 2307 917 2380 propter
937 2319 1069 2376 honores,
1091 2332 1159 2380 onos
1180 2319 1233 2366 iam

143 2395 344 2446 bitciemicus.
366 2393 671 2458 -proertont1oser·
710 2399 766 2442 turn
797 2385 903 2444 videtur
932 2395 1057 2454 gessisse.
1088 2421 1122 2430 —
1155 2409 1234 2458 quam

143 2479 226 2526 vani»
252 2474 340 2535 potine
362 2475 444 2534 qbem
465 2473 607 2521 esistunt.»
633 2466 673 2522 Eav
696 2463 773 2534 'titii
798 2472 854 2521 Cio.
871 2473 904 2520 ed
927 2473 1109 2532 Fan1.2,7:
1143 2473 1234 2522 Tecum
1293 2495 1294 2498 ¹

146 2551 309 2614 significatio
331 2551 375 2600 bic
400 2550 490 2599 iocum
511 2551 610 2610 babet,
639 2563 669 2598 er
710 2549 825 2612 loquere,
853 2546 978 2614 (Curio),
1008 2555 1074 2600 etto
1094 2550 1235 2620 adhibeto

144 2644 197 2694 que
216 2637 355 2692 proestare
372 2641 453 2690 saepe
471 2634 512 2677 est
525 2627 670 2692 cambir-
709 2627 860 2682 consilium,
880 2633 903 2676 ta
916 2629 993 2682 cudi,
1014 2627 1061 2676 tibi
1075 2628 1234 2688 obtempero.

142 2707 280 2765 leitten,
304 2707 475 2768 pcrcntir.
503 2728 531 2739 -
559 2705 671 2766 Septem-
711 2729 741 2738 —
761 2701 986 2766 cliomropiente]
1009 2705 1233 2768 Epp.2,1,139.

144 2779 249 2844 britios]
269 2783 324 2833 Cir.
348 2783 402 2832 Sat.
426 2783 461 2842 2,
487 2782 520 2840 b,
545 2783 593 2832 19:
621 2783 671 2830 Ao-
709 2781 778 2830 olior
795 2783 917 2844 Lysippo.
956 2783 1051 2830 Graeci
1071 2777 1162 2832 ἄλλον
1181 2779 1234 2832 τοῦ

143 2869 312 2924 cremonaque
332 2861 431 2922 procia,
452 2859 582 2913 Libitinae
595 2871 671 2921 pnoe-
709 2859 820 2920 σοφοῦ.
831 2883 858 2894 -
869 2855 1029 2921 Dissimulet]
1041 2861 1114 2910 «Neu
1125 2865 1235 2922 propter

142 2946 188 2988 tur
206 2939 326 2986 acerbae.
444 2937 464 3000 Ἰ
709 2935 808 2986 salsum
830 2937 966 2997 quendam
987 2938 1118 2998 pudorem
1139 2941 1234 2986 contra

179 3015 224 3064 17.
254 3015 291 3062 Tu
304 3011 380 3075 recte]
398 3015 481 3074 «Ego,
498 3019 528 3064 ut
541 3016 671 3078 perspicis
710 3014 889 3062 multitudinis
920 3015 1078 3075 opinionem
1104 3019 1139 3062 'a'c
1167 3015 1235 3064 iudi·

143 3104 175 3140 er
194 3090 253 3150 bis,
273 3104 343 3152 qnae
360 3091 407 3140 tibi
422 3092 532 3153 scripsi,
552 3106 595 3140 me
610 3093 671 3142 bee-
709 3091 1235 3154 cium,exquorectevales,nolisaegro'·

143 3174 200 3218 tum
219 3169 385 3226 esseducc3
406 3170 531 3218 similiter
552 3175 576 3218 tc
599 3171 670 3221 cives
709 3175 751 3218 tus
770 3169 856 3218 videri
874 3183 966 3230 eoram
984 3171 1104 3220 convivis
1123 3183 1234 3220 mensae

145 3243 183 3296 tut
202 3246 499 3309 beatumpracdicant.
538 3247 597 3308 Quo
614 3261 670 3296 ma·
709 3254 770 3300 tuac
791 3248 1013 3297 accumbentibus
1035 3245 1089 3310 (vel
1112 3251 1167 3310 q'uo
1186 3249 1235 3298 mi-

144 3313 186 3382 pis
212 3337 297 3381 cape,
330 3337 364 3372 ne
391 3324 535 3386 decipieris
560 3331 669 3373 externa
709 3338 760 3372 nos
776 3337 821 3372 eos
842 3324 1038 3386 perturbesvol
1054 3325 1234 3388 quotiberius

92 3391 100 3403 ⁴
145 3413 236 3448 rerurn
257 3400 348 3460 speeie
368 3414 422 3448 neu
444 3406 469 3448 te
487 3407 668 3450 transversum
709 3403 794 3464 possis
815 3403 882 3450 cibis
908 3401 1235 3466 quibusvis-vesci»)-

143 3482 227 3536 ngant
250 3477 321 3536 volgi
345 3477 445 3524 iudicia
472 3477 601 3539 persaepe
622 3479 670 3527 ial-
709 3477 823 3540 tremor]
853 3479 926 3530 Hora
951 3493 1042 3538 nonna,
1071 3495 1124 3544 qua
1147 3481 1233 3548 ferme
1293 3531 1294 3538 ,

143 3553 233 3606 tanin.
254 3553 323 3600 odeo
340 3557 369 3600 ut
384 3552 506 3614 negligas
530 3557 668 3618 proprium
708 3556 875 3614 coenabant,
890 3556 978 3606 febres
989 3559 1179 3617 ingravescere
1193 3575 1234 3610 so

69 3661 77 3672 .
141 3629 261 3676 studium
278 3630 583 3688 verambeetitudinern,
599 3646 668 3693 qrrae
708 3633 773 3682 ient.
801 3657 836 3668 -
866 3631 967 3698 nactis]
1000 3633 1057 3684 iure
1086 3641 1113 3686 et
1140 3638 1231 3700 adipe.

133 3705 266 3774 nrncein
295 3710 377 3755 temet
403 3706 461 3768 ipso
482 3708 612 3784 sitalesi,
642 3709 836 3782 etNOviM.
856 3709 891 3778 A.
910 3711 936 3765 3.
958 3711 1026 3762 755ι
1056 3711 1232 3780 coemptam
1293 3681 1294 3770 i
