2606 4120
460 199 525 248 urs.
549 197 580 246 rr.
606 198 726 250 nater.
749 199 776 247 ι.’
819 201 823 211 ·
1045 175 1170 248 ’301Ι
1218 181 1225 188 ’

41 337 164 424 ¹(laod
184 339 315 429 legeret
337 341 528 424 tereretque
549 341 671 406 viritim
694 328 848 425 publicae
867 331 976 406 nauel
1033 410 1040 416 ,
1089 355 1094 368 ·

64 457 111 526 Ut
132 461 270 544 primum
293 460 413 545 positia
435 461 555 548 nugari
578 459 722 528 Graecia
743 459 841 536 bellis

64 576 185 664 Coepit
207 585 241 646 et
263 583 297 644 ln
319 581 434 646 vittam
456 579 596 645 tortum
616 580 723 645 labier
743 595 868 666 aequa,
942 601 946 613 ¹

64 695 161 766 Nunc
182 699 385 766 athletarum
405 699 540 782 studiis,
561 717 651 766 nune
673 699 757 766 arsit
778 715 952 786 equorum,
1088 696 1147 757 =95

64 796 252 886 Marmoria¹
265 823 324 885 aut
346 820 457 886 eboris
478 819 594 892 tatros
615 824 674 886 aut
695 822 784 886 aeris
804 803 944 904 amauit,

65 932 251 1024 Suspendit
273 940 364 1023 picta
385 940 511 1004 voltum
533 937 741 1025 mentemque
763 941 901 1022 tabella,
931 963 932 968 ¹
972 953 976 965 ·
1045 949 1049 956 “

63 1058 162 1126 Nune
184 1057 390 1143 tibietnltrus,
412 1061 500 1124 nune
522 1061 574 1126 est
595 1062 718 1144 gavisa
739 1060 927 1149 tragoedia

65 1175 138 1246 Sub
160 1180 290 1245 nutrice
312 1180 424 1264 puella
444 1180 540 1244 velut
559 1182 588 1245 si
610 1180 896 1267 indomitatem,

67 1296 167 1380 Quod
188 1296 308 1382 cupide
330 1300 441 1388 petiit,
463 1271 592 1365 mature
613 1291 714 1384 plena
735 1299 880 1386 reliquit.
1051 1295 1159 1382 “toti

65 1417 154 1500 Quid
176 1419 288 1506 piacet
309 1417 368 1484 aut
390 1418 466 1484 odio
489 1423 560 1504 est,
583 1419 674 1508 quod
695 1439 762 1486 non
784 1416 1110 1518 mutabile'credasi

66 1628 143 1676 deret
154 1625 234 1676 alios.
259 1624 340 1675 Tales
358 1629 421 1675 snut
437 1615 499 1684 a'ttr,
519 1638 589 1688 aqna
628 1625 748 1689 plicitate
763 1631 790 1676 et
810 1628 844 1676 ab
861 1625 907 1676 illa
924 1627 1149 1696 μεγαλοψυχίᾳ,
1166 1635 1169 1638 “

67 1705 221 1768 profluens,
251 1716 326 1753 mare
352 1704 465 1766 eiusque
488 1703 588 1754 littora.
629 1704 916 1782 quambellal’ersica
931 1705 962 1753 iis
977 1705 1149 1764 instillarent,

67 1784 108 1832 lta
122 1787 148 1838 et
162 1783 287 1846 poemata
305 1781 415 1845 publicu
431 1782 492 1832 nsnl
506 1781 591 1832 inser·
630 1784 794 1846 pedetentim
819 1783 977 1833 recedentes
1008 1782 1092 1834 eil'nse
1123 1799 1152 1836 sc

65 1863 153 1920 vlunt,
169 1862 298 1924 quoniam
310 1861 437 1912 omnihus
452 1873 538 1923 aeque
558 1862 590 1910 iis
630 1862 761 1912 dederent
774 1865 933 1912 cunctarum
949 1861 1046 1911 artium
1060 1849 1150 1912 illece-
1253 1869 1258 1892 t

65 1939 195 1990 delectari
215 1939 288 1989 lieet.
630 1939 702 1996 bris,
737 1939 823 1988 donec
850 1939 991 1989 discordiis
1019 1939 1150 1990 debilitati

101 2019 146 2069 93.
166 2018 211 2068 at.
251 2013 380 2080 Graecia]
402 2017 477 2068 llaec
498 2015 591 2068 omnia
629 2023 709 2080 atque
735 2017 763 2066 ln
783 2016 924 2066 mollitiem
950 2016 1018 2082 lapsi
1040 2018 1150 2067 taudem

66 2096 212 2162 praecipue
226 2096 259 2145 de
272 2094 483 2148 Atheniensibus
498 2097 590 2148 ualere
629 2097 658 2144 iu
678 2095 858 2146 Macedonum
880 2099 1038 2158 potestatem
1057 2097 1163 2158 perse-¹

67 2173 242 2224 manifestum
263 2177 314 2223 est.
335 2197 368 2211 -
383 2175 479 2237 puritia
492 2199 503 2210 ·
515 2199 526 2210 ·
539 2175 589 2225 bet
629 2178 737 2236 nerunt.
753 2197 779 2208 -
792 2170 885 2234 latur]
895 2172 950 2223 Cir.
961 2162 1017 2222 sui.
1032 2175 1057 2241 t,
1071 2175 1150 2234 2³5.

69 2248 121 2312 tie]
142 2251 258 2302 maxime
277 2256 337 2314 post
354 2253 501 2315 composita
519 2252 590 2303 bella
662 2251 792 2302 tte-tea.
829 2249 936 2316 fatres]
960 2254 1101 2315 τεχνίτας.
1118 2273 1154 2290 ·-

39 2329 236 2380 tremieas-
255 2326 369 2395 capam]
398 2343 452 2380 sse
473 2331 538 2380 dara
556 2331 590 2379 ad
628 2325 727 2390 eboris]
746 2330 899 2379 Recordare
918 2329 961 2381 vel
979 2329 1091 2379 Phidiae
1111 2329 1153 2380 io·

66 2407 159 2457 omnia
183 2408 272 2469 poesis
297 2419 417 2471 genera,
447 2409 481 2456 ad
507 2409 592 2471 picto·
629 2406 860 2470 vsmotympium.
874 2403 1070 2468 -Suspendifl
1085 2403 1164 2456 «Tui

65 2498 128 2540 ras,
150 2485 322 2548 sculpturae,
352 2485 471 2534 musicae
495 2489 590 2543 artes,
630 2484 707 2534 bulas
724 2487 808 2548 pictas
821 2486 999 2536 attentissime
1013 2486 1151 2546 spectavit,
1213 2481 1243 2518 '-

66 2562 406 2625 adtodosgymnastteusp
421 2564 591 2624 quaeomnia
630 2565 666 2612 ita
688 2569 717 2612 ut
736 2563 830 2614 oeulos
852 2564 1097 2625 cogitationemque
1117 2564 1152 2612 atr

66 2653 130 2689 cum
143 2639 319 2700 atrocissimis
333 2639 386 2688 illis
396 2639 474 2688 bellis
485 2653 592 2702 compa·
630 2642 662 2690 iis
680 2643 723 2692 vix
736 2655 876 2692 removere
892 2647 996 2704 posset,
1016 2655 1078 2690 cnm
1096 2642 1154 2703 pul-

66 2723 125 2768 rata
147 2717 245 2779 partim
267 2718 439 2778 ingeniorum
460 2723 524 2766 snut
547 2719 591 2768 lu-
629 2720 687 2768 chri
714 2721 819 2783 speeies
847 2724 928 2782 atque
957 2704 1108 2780 eremptnr'
1125 2720 1152 2768 in

66 2809 127 2855 sus,
147 2796 246 2857 partim
261 2796 359 2847 uirium
377 2795 591 2846 ludieraeerer·
629 2797 738 2848 intimos
756 2800 815 2848 eius
827 2797 939 2848 alienius
956 2801 1152 2859 penetrasset.»

65 2873 227 2942 citationes,
247 2887 332 2938 nepae
351 2874 448 2936 igitur,
473 2877 532 2926 sine
550 2889 593 2926 re·
631 2897 661 2910 -
679 2873 836 2938 tilicinttas]
857 2873 1102 2938 «symphoniacis»
1121 2887 1154 2925 ex

66 2951 256 3015 prehensionts
274 2952 483 3014 significatione.
506 2975 536 2989 -·
560 2953 590 3002 ia
629 2953 726 3016 quilius
745 2965 829 3004 orrum
850 2963 935 3014 penus
957 2954 1089 3003 nominat.
1122 2974 1148 2986 -
1182 2962 1190 2969 ·

65 3027 178 3093 attium]
219 3031 272 3080 ain
306 3031 401 3082 sitium
430 3031 590 3082 deliciarum
629 3029 803 3094 Sutaatstas]
826 3031 1000 3081 «moderante
1018 3031 1165 3086 nutrices

66 3114 177 3172 propter
201 3101 411 3172 prosperitatem
436 3109 588 3160 fortunae.»
629 3114 658 3158 ut
677 3109 745 3172 lipp.
766 3111 802 3169 t,
823 3105 873 3169 te,
899 3109 947 3159 77:
967 3119 1045 3158 suevo
1066 3115 1090 3158 te
1107 3110 1154 3158 sat

65 3186 159 3238 Gonu.
181 3187 229 3238 Cn.
280 3187 417 3236 vocabulo
435 3189 528 3237 citium
544 3189 591 3237 ad·
628 3187 838 3238 nutudetenelo.
852 3181 1153 3248 Nutrieesaotemapnd

66 3265 179 3314 modum
200 3266 334 3316 malitiose
358 3279 423 3316 usus
447 3271 488 3315 eat
509 3266 588 3326 iden,
629 3267 754 3328 antiquos
777 3266 894 3327 primurn
917 3265 974 3314 iere
1003 3277 1051 3326 per
1071 3265 1153 3312 trien·

67 3343 139 3405 quod
166 3339 332 3407 βαναύσοις
357 3344 431 3394 inter
453 3343 590 3393 Romanos
629 3345 705 3394 nium
727 3343 842 3393 inientes
862 3343 1023 3393 educebant.
1048 3365 1079 3378 -
1097 3353 1163 3390 asa-⁴

66 3419 161 3472 omnia
178 3420 245 3469 haec
264 3421 431 3471 Graecorum
447 3421 537 3471 studia
553 3422 591 3469 ai·
629 3431 686 3473 ture
695 3418 786 3484 plena]
800 3421 845 3471 sie
857 3421 1025 3483 iungendum
1036 3420 1152 3478 videtur,

67 3501 138 3550 tinen
153 3502 180 3546 et
196 3511 398 3561 supervacanea
416 3499 588 3550 ridebantur.
629 3513 684 3550 non
699 3507 803 3550 mutare
824 3501 945 3564 stupuit,
966 3500 1037 3562 quod
1063 3499 1153 3560 ingra-

68 3597 100 3613 ·-
120 3573 260 3638 Significat
274 3578 486 3628 autem-morum
505 3581 590 3626 muta·
628 3585 683 3628 tam
702 3577 824 3627 ediceret
841 3573 992 3628 ἀντίθεσιν
1004 3589 1048 3629 rr.
1062 3579 1152 3639 capide

67 3656 181 3709 tionem,
202 3667 272 3717 quaa
285 3645 426 3719 paullatim
439 3655 503 3705 tude
516 3667 531 3704 a
542 3655 590 3705 Pe·
625 3658 712 3720 petiit.
734 3657 779 3705 list
795 3661 902 3706 autem:
923 3649 1095 3728 «ἁψίκορος,
1110 3666 1153 3706 ce·
1212 3694 1220 3702 ,

67 3734 136 3784 ricle
149 3745 235 3796 usque
248 3734 282 3783 ad
294 3735 448 3798 l’lrltippum
465 3734 590 3786 Macedo-
627 3736 824 3803 liariter-satiata
834 3725 972 3794 Graecia»
988 3749 1052 3792 non,
1067 3741 1095 3784 ut
1106 3735 1152 3784 alil

67 3825 133 3880 uern
150 3811 220 3863 iacta
236 3817 294 3875 est,
314 3826 376 3863 cum
393 3823 408 3863 a
425 3814 512 3876 prisca
526 3814 589 3863 stm-
628 3816 738 3873 volunt,
750 3814 849 3875 pusttn.
866 3839 894 3850 -
910 3814 978 3875 Quid
988 3810 1085 3875 placet]
1100 3813 1153 3864 «Es
