2632 4100
396 119 402 124 ’
504 144 640 208 riorum
663 146 843 212 cancrinum

286 526 292 534 ·
371 457 375 472 ’
474 516 623 605 orm
670 515 869 620 xxvi.
949 472 953 496 ’

386 698 952 785 nonsummum
1047 695 1049 700 ·

216 855 295 930 Vixi
315 866 435 948 puellis
457 885 563 950 nuper
584 855 723 930 idoneus

216 983 262 1048 ut
283 984 420 1049 militavi
442 1003 510 1048 non
532 988 604 1049 sine
624 985 750 1072 gioria3

257 1101 354 1166 Nunc
376 1121 466 1167 ormo
488 1101 743 1186 defunctumque
765 1103 862 1166 bello·
957 1133 958 1136 ¹

278 1205 469 1285 *Borbiton'
484 1220 537 1285 hic
559 1222 670 1304 paries
692 1217 843 1304 hebebit,

204 1392 365 1474 ,Laevum
385 1393 532 1457 marinae
554 1395 609 1477 qui
631 1392 773 1458 Veneris
795 1393 884 1459 latus
978 1441 981 1448 .
1017 1353 1024 1370 '

216 1506 380 1577 Custodit.
422 1509 488 1576 Hic
508 1511 562 1577 iric
584 1513 698 1595 ponite
722 1510 833 1577 lucida

260 1629 401 1696 Funaiio
423 1633 457 1694 et
478 1633 596 1695 vectes
618 1632 652 1694 et
673 1647 773 1695 arcus

277 1824 280 1836 Ι
304 1747 478 1839 Oppositis
498 1749 626 1832 foribus
650 1749 804 1828 miueccs.

167 1937 264 1989 xxvi.
300 1935 353 1988 Per
371 1939 461 1988 iocum
479 1939 610 1988 simulans
626 1952 654 1988 se
692 1938 834 1998 fausta·
855 1923 957 1988 Veneris
968 1934 1097 2010 manuue]
1117 1936 1208 1988 utut.

135 2015 246 2065 iamiam
274 2015 412 2064 amoribus
438 2019 655 2066 renuntiaturum
692 2015 873 2076 i,11,15.,
900 2016 1032 2076 ποντίας,
1061 2013 1210 2080 πελαγίας.

133 2093 221 2158 tyram
234 2106 265 2142 ac
278 2093 384 2155 reliqua
397 2094 656 2144 instrumentaama-
694 2090 828 2154 Custodit]
859 2090 893 2140 Ut
919 2091 984 2140 aiibi
1008 2091 1101 2140 dicunt
1129 2097 1211 2153 tepere

133 2173 208 2222 teria
226 2171 325 2221 Veneri
345 2171 468 2231 dedicat,
495 2171 576 2222 simui
597 2185 656 2234 pre·
692 2172 773 2222 totus.
786 2193 816 2206 -
832 2165 941 2230 ponus]
962 2168 1210 2229 «opueriio-Ver·
1307 2203 1309 2210 2

135 2256 223 2308 catus,
242 2253 271 2298 ut
284 2249 380 2298 chloes
396 2263 517 2299 amorem
530 2251 581 2298 sibi
594 2263 657 2298 eon·
693 2249 758 2298 bum
771 2247 910 2310 proprium
922 2248 955 2296 de
967 2243 1166 2309 ἀναθήμασιν.

87 2370 92 2390 ,
135 2329 228 2388 ciiiet,
256 2327 285 2374 in
311 2340 365 2388 quo
394 2327 451 2388 ipso
470 2327 559 2388 lepida
577 2327 656 2376 totius
728 2325 755 2374 7.
782 2323 920 2386 ‘Fuoaita]
949 2325 1021 2374 iaces
1048 2337 1078 2371 ex
1100 2320 1210 2372 funibus

135 2404 225 2452 odarii
243 2403 355 2455 vertitur
373 2403 516 2471 εἰρωνεία.
539 2399 576 2466 (a.
589 2417 617 2452 u.
631 2417 656 2452 o.
695 2403 771 2466 pice,
790 2403 895 2462 resina,
919 2415 980 2452 cere
999 2401 1091 2458 illitis,
1113 2398 1211 2466 quibus

137 2481 189 2530 '133
199 2476 242 2544 i).
695 2481 838 2528 utebantur
851 2480 878 2528 in
896 2480 1035 2528 nocturnis
1048 2475 1212 2526 comissatio-

172 2556 200 2604 2.
218 2552 348 2616 militavi]
379 2554 516 2617 Frequens
533 2555 567 2606 de
585 2569 658 2606 amo·
696 2557 792 2616 nibus3
807 2555 893 2605 lucida
905 2561 1010 2615 autem,
1031 2566 1122 2616 «quae
1135 2552 1211 2612 oiim,

136 2631 211 2682 ribus
229 2631 332 2694 imago.
369 2633 419 2684 Od.
434 2632 501 2694 Μ,
516 2633 559 2682 16.
579 2633 656 2684 ovid.
696 2647 757 2684 eum
779 2633 1009 2692 comissahamur,
1028 2631 1119 2678 iucem
1137 2641 1213 2691 prae-

138 2707 201 2758 Am.
219 2709 245 2771 1,
263 2709 289 2768 e,
307 2710 340 2758 1:
359 2709 460 2760 Militat
473 2711 659 2762 omnicoetum
696 2711 821 2760 hebent.»
843 2735 872 2746 -
904 2703 993 2769 vectes]
1032 2707 1119 2755 Lucii.
1152 2705 1212 2754 Lib.

45 2797 51 2808 ·
138 2793 163 2836 ct
182 2786 258 2836 tabet
276 2793 431 2836 anacastra
450 2788 558 2848 Cupido.
696 2789 740 2838 29.
759 2789 866 2848 Fragm.
884 2785 928 2835 t'i.
948 2773 1025 2846 Bi'pm
1047 2785 1119 2834 Vecte
1136 2789 1214 2844 atquc

173 2863 201 2914 3.
229 2863 257 2914 ln.
294 2861 388 2924 amm]
420 2877 452 2912 ea
479 2865 554 2926 ipsa,
590 2875 658 2925 quae
696 2865 806 2925 ancipiti
825 2865 903 2927 serro‘
914 2855 1058 2924 (bipenni)
1078 2861 1214 2924 effltoqom

138 2940 232 3004 paullo
246 2944 464 3002 posterumerat.
477 2963 508 2974 -
521 2937 657 3000 barbiton]
697 2941 823 2990 cardiace.
843 2961 875 2974 -·
900 2933 990 2998 orcus]
1011 2936 1128 2996 «quibus
1145 2933 1214 2982 iani-

139 3031 193 3080 quo
207 3029 313 3066 amores
327 3017 479 3076 cecinerat,
500 3016 553 3066 iam
565 3015 660 3066 desun-
697 3023 767 3067 torcs
783 3020 941 3066 terrerent»
961 3013 1056 3062 Gnoss.
1076 3009 1142 3061 Cod.
1162 3011 1214 3061 Re·

140 3093 371 3152 ctumestheilo,
403 3106 435 3142 eo
451 3093 505 3142 iam
525 3103 659 3156 opusuon
697 3095 753 3157 gin.
810 3093 891 3142 Areus
918 3090 1004 3152 magis
1032 3089 1084 3138 ioci
1111 3101 1212 3149 causa,

140 3175 181 3221 est
198 3172 256 3220 cari
272 3170 450 3220 excantandas
469 3171 613 3232 puellas»,
632 3174 661 3220 ui
698 3184 779 3235 quam
795 3183 827 3220 eo
843 3169 911 3229 tine,
930 3174 961 3219 ut
977 3167 1080 3230 sagittis
1100 3167 1214 3228 iigerent

142 3249 180 3298 nii
197 3249 319 3310 Propert.
339 3247 369 3302 3,
389 3247 415 3308 2,
435 3247 479 3298 oe.
698 3249 825 3300 ianitores
848 3250 895 3296 sut
911 3247 1048 3305 aemulos,
1079 3245 1213 3294 interdum

177 3326 203 3377 5.
223 3326 250 3376 6.
287 3321 417 3384 Laevum]
451 3324 538 3386 paries
568 3323 660 3374 sacelli
698 3331 816 3390 gestasse
848 3326 1035 3376 comissatores
1074 3327 1213 3374 consenta-

142 3402 252 3454 siuistro
271 3402 384 3451 Veneris
406 3402 484 3451 lateri
507 3401 659 3465 proximus,
698 3417 779 3454 neum
798 3407 848 3452 est.

140 3483 233 3532 dexter
260 3481 307 3540 iis,
339 3479 384 3542 qui
410 3479 468 3529 eius
486 3479 675 3530 simulacrum«
731 3482 758 3532 9.
779 3479 948 3542 immotam]
974 3480 1093 3529 Eusiath.
1109 3477 1215 3528 aonio-

141 3574 189 3611 ore
203 3561 316 3610 adverso
332 3558 479 3608 intuentur.
517 3558 660 3608 Orientaiis
700 3573 756 3622 nys.
770 3559 875 3620 Perieg.
889 3558 954 3611 508:
979 3552 1169 3617 Ὀλβιώτατοι
1183 3555 1214 3606 δὲ

140 3651 206 3699 ergo
242 3649 303 3698 pars
328 3625 507 3696 intelligitur,
544 3636 661 3706 Etruscis
698 3636 848 3702 νησιωτῶν
861 3637 891 3686 οἱ
908 3633 1033 3703 Κύπριοι
1047 3629 1095 3682 διὰ
1114 3629 1149 3682 τὸ
1162 3629 1214 3680 iror-

142 3721 168 3768 ci
193 3713 322 3768 Romanis
353 3715 381 3764 in
413 3715 487 3763 omni
516 3726 545 3761 rc
572 3713 662 3766 diviua
698 3712 941 3784 λαττοκραιῆσαι.
958 3738 988 3748 -
1008 3718 1076 3763 tcucs
1090 3705 1214 3773 cyprum]

293 3859 300 3890 i
