2658 4128
135 157 211 228 128
488 179 628 228 nestun
649 180 848 228 sautasuuu
888 225 896 242 „

131 315 311 410 Postquam
334 317 387 380 est
409 318 567 399 impransi
588 319 764 399 correptus
785 335 870 384 vaae
892 309 1072 405 magistri2

130 435 284 522 Porrigis
305 437 390 500 irato
413 455 517 518 puero
540 453 612 500 eum
634 415 747 518 ponta,
769 440 920 508 reeusat:

131 550 250 636 Sume,
272 555 409 639 eatelle3
431 557 551 654 negat:
574 557 602 618 si
623 573 691 620 non
712 554 787 636 des,
810 558 921 639 optet:
942 558 1071 654 amator
1109 567 1112 572 '
1199 565 1203 570 “

131 674 299 741 Elxelusus
321 675 376 756 qui
398 672 501 738 distat
509 687 525 756 ‚‘
539 675 612 761 agit
634 675 689 740 ubi
710 673 845 744 seeum,¹
861 676 932 758 eat,
954 693 998 738 an
1020 692 1104 746 noo.
1146 669 1212 730 26⁰

132 790 205 873 Quo
226 761 394 857 rediturus
416 795 489 856 erat
510 812 577 885 pon
600 795 797 878 arcessitus,
819 797 854 879 et
875 792 992 859 haeret
1072 807 1073 810 ’

131 913 255 976 Invisis
276 903 429 976 toribus?
450 911 502 976 Ne
523 931 629 996 ιιιιηο,
650 931 723 978 eum
743 931 795 978 me
812 915 914 998 voeat
936 913 1040 995 ultro,

131 1023 326 1098 Accedam?
348 1049 390 1094 an
412 1031 525 1114 potius
546 1031 686 1096 mediter
706 1031 798 1096 linire
821 1023 984 1099 dolores?

29 1167 38 1174 ·
130 1149 302 1235 Exclusit3
323 1154 478 1215 revocat:
498 1143 659 1214 redeam?
679 1150 773 1232 Non,
794 1153 823 1214 sl
845 1153 1009 1218 obseeret.
1050 1108 1143 1216 Ileoe

129 1265 259 1335 Servus
280 1289 348 1334 non
370 1270 483 1352 paullo
504 1271 706 1352 sapientior.
729 1267 874 1342 Oltere,
899 1287 983 1354 quae
1002 1287 1059 1336 res
1146 1266 1207 1330 too
1245 1305 1252 1319 ι

129 1388 201 1453 Nee
222 1387 350 1452 modun
373 1388 473 1456 habet
496 1406 603 1472 neque
625 1390 811 1476 consilium,
833 1390 963 1454 ratione
985 1389 1148 1490 modoqpe

129 1509 283 1574 Tractari
303 1527 371 1574 non
392 1511 475 1574 volt.
522 1511 563 1574 Iu
583 1527 696 1574 amore
717 1509 801 1574 haee
822 1513 901 1598 sunt
923 1510 1024 1596 nala,
1047 1511 1186 1596 bellum,

129 1627 203 1693 Pax
223 1647 369 1695 rursum.
391 1628 475 1696 haee
497 1629 527 1692 si
549 1632 622 1713 quis
646 1630 854 1712 tempestatis
873 1647 981 1714 prope
1001 1631 1068 1700 rttu

128 1723 271 1814 Mobilis
293 1752 326 1814 et
348 1767 450 1814 eaeoa
474 1747 638 1814 fluitantia
659 1749 751 1816 sorte
772 1749 904 1815 tauoret
966 1741 969 1746 ’

128 1867 285 1932 Reddere
307 1871 401 1932 certa
422 1869 502 1951 sibi,
524 1867 626 1941 nihilo
648 1869 724 1951 plus
745 1869 913 1951 explicet,
934 1882 974 1936 ao
996 1871 1025 1934 si
1109 1898 1114 1902 ·
1144 1865 1208 1926 ato
1308 1935 1314 1940 ,

128 1986 281 2054 Insauire
301 1987 398 2070 paret
421 1989 513 2051 certa
535 1989 665 2052 ratione
686 1969 860 2070 nodoque.

61 2183 74 2200 .
181 2163 208 2201 v.
228 2149 289 2198 262.
309 2149 359 2198 Nae
376 2159 444 2198 nuato
463 2149 547 2200 codd.
567 2151 656 2200 multi.
694 2150 763 2202 Iatd.
782 2157 853 2202 vocet
872 2151 955 2202 codd.
976 2154 1064 2204 multi.

130 2286 243 2336 «aeriter
259 2285 467 2347 reprehensus.»
489 2311 519 2321 -
539 2283 646 2348 catallo]
686 2287 859 2350 optimapira
872 2292 986 2351 atpoma
1001 2293 1205 2352 proveniebant.

127 2359 371 2432 ὑποκοριστικόν,
386 2364 457 2426 quod
471 2365 499 2414 in
510 2377 559 2414 usu
573 2378 648 2414 men·
686 2364 741 2414 Sat.
759 2365 786 2426 2,
803 2365 831 2426 l,
852 2365 897 2416 76.
918 2391 948 2402 -
965 2366 1096 2430 percusti]
1116 2375 1145 2420 ut
1162 2383 1208 2420 su·

127 2443 161 2492 sit
179 2454 265 2504 usque
284 2441 317 2489 ad
339 2445 460 2503 tempora
478 2443 645 2506 Hieronymi.
685 2455 733 2505 pra
749 2443 841 2492 divana
854 2447 906 2493 eat.
945 2445 1000 2495 Ioei
1013 2459 1095 2498 eausa
1113 2437 1208 2499 auan-

127 2521 176 2582 llp.
191 2519 423 2579 adsumentum,
438 2519 537 2570 Paulae
551 2520 647 2583 tiliam„
684 2525 723 2568 tas
737 2533 879 2582 pomorum
898 2522 1003 2572 semina
1019 2525 1072 2577 uda
1089 2526 1206 2577 duorum

126 2599 175 2658 22,
192 2599 235 2648 29.
250 2598 366 2659 parasita
377 2598 415 2646 ad·
423 2603 589 2648 matronam:
608 2599 647 2650 Mt
684 2598 833 2659 primorum
850 2599 996 2660 digitorum
1011 2607 1207 2664 compresserat

127 2674 178 2742 (sio
188 2677 269 2726 etiam
283 2673 441 2738 vallarsius)
451 2677 558 2732 cotella,
573 2677 647 2746 retus
684 2675 802 2738 impulsu
829 2676 889 2726 ideo
914 2677 942 2726 in
966 2677 1052 2729 altum
1074 2682 1206 2741 agebant,

126 2757 178 2804 tais
196 2761 267 2805 atera
284 2760 308 2818 at
322 2757 376 2804 aive
393 2756 455 2804 dum
467 2757 541 2806 stou.
568 2754 644 2804 Voss.
684 2760 714 2803 ut
735 2755 817 2813 inde,
842 2754 865 2802 si
883 2756 987 2806 semiue
1005 2757 1052 2806 illa
1070 2759 1105 2806 ad
1124 2772 1208 2808 eattae⁸

124 2833 153 2882 lu.
167 2833 186 2884 1.
204 2833 409 2883 Wtetaloltert.
492 2849 496 2854 ·
645 2887 648 2896 .
683 2845 743 2880 rom
761 2828 908 2894 (conclavis
921 2831 1044 2898 laquear)
1063 2849 1150 2898 usque
1163 2850 1208 2886 ex-

96 2923 102 2929 ·
160 2911 307 2960 ado-270.
327 2907 462 2971 Eaeltttas]
477 2911 646 2962 Noultabeu-
685 2909 835 2966 siluissent,
856 2907 972 2962 faustum
989 2913 1091 2960 autoris
1104 2913 1146 2962 sui
1159 2926 1206 2962 au·

126 2989 271 3039 dusesthio
281 2988 490 3050 loeuspromera
498 2989 646 3038 imitatione
684 2989 790 3049 gurium
810 2994 949 3050 swerent.
985 2989 1081 3040 Pollux
1100 2991 1126 3045 6,
1142 2991 1210 3041 128.

126 3065 289 3117 Terentiana
299 3061 434 3126 (llunuchi
444 3063 542 3129 initio),
553 3067 648 3116 sedle-
686 3089 715 3100 -
734 3061 814 3128 feris]
837 3079 914 3119 «oum
928 3067 982 3116 iam
996 3069 1102 3118 vetulus
1112 3069 1204 3126 halba,

126 3144 188 3207 pide
201 3143 322 3204 sequitur
337 3145 468 3194 rationem
484 3145 644 3213 Stoicorum,
683 3149 713 3192 ut
740 3144 827 3194 solent
855 3150 1003 3205 amatores,
1037 3147 1119 3198 verba
1144 3159 1206 3209 pro-

73 3252 84 3262 ·
125 3235 178 3284 qua
192 3222 392 3281 tragoediarum
408 3223 645 3276 eteomoediarum
683 3220 747 3270 sara.
751 3235 765 3265 u
782 3222 1127 3284 «Feriunturquasiuerlta,
1140 3237 1205 3274 oum

117 3299 199 3348 ¹loaos
215 3299 341 3347 omnibus
361 3306 438 3349 notos
452 3314 528 3350 suam
546 3301 574 3350 iu
587 3314 645 3350 rem
684 3295 1206 3368 apelatorepercutiunturltaoquopro-

125 3376 326 3428 convertebant.
364 3377 429 3426 Tres
445 3382 536 3426 autem
556 3391 645 3441 perso·
683 3377 852 3426 nuntiatione
867 3377 990 3430 affectata
1009 3393 1091 3430 sonus
1108 3393 1204 3430 eorum

124 3453 391 3514 uaesuntPhaedria‚
401 3455 544 3515 Parmeno,
552 3455 644 3504 Thais
683 3454 864 3506 debilitatur.»

126 3558 154 3568 -
178 3533 215 3582 Ne
231 3528 314 3593 auae]
343 3533 455 3594 supple.
486 3533 644 3594 «quidem»
716 3533 777 3584 275
792 3534 853 3596 ato.
865 3532 1088 3601 Addeoruoram]
1109 3535 1203 3586 «Adde
1293 3589 1300 3602 .

126 3634 154 3646 -
176 3605 302 3670 adplicat]
334 3622 399 3669 aea,
425 3622 495 3670 quaa
521 3609 644 3667 intrieata
683 3612 763 3664 stulto
785 3617 831 3662 tuo
854 3614 941 3664 amori
965 3614 1035 3662 rixas
1060 3619 1201 3672 cruentas,

124 3690 217 3744 sunto
240 3685 325 3734 «niun
342 3686 473 3756 expediet,
495 3679 644 3747 plotina.»
683 3689 776 3751 qualos
797 3689 866 3740 inter
883 3690 981 3740 rivales
1001 3691 1067 3740 oriri
1085 3691 1201 3740 solent.»

158 3761 317 3810 ara-ant.
355 3758 481 3822 Pictam
494 3758 525 3812 lu
545 3761 644 3814 Piceno
683 3787 715 3800 -
731 3767 817 3829 tynam
837 3763 944 3829 plodio]
977 3767 1203 3830 Pythagoricum
