2500 4110
525 213 667 272 tronnun
689 223 871 272 oannrnum

281 365 415 432 uerrunt
436 367 575 455 gentes,
595 383 703 455 grave
721 383 765 431 ne
781 361 908 432 rediret

279 485 458 560 Saeculum
475 485 630 575 Pyrrhae
650 505 741 554 nova
761 487 911 554 monstra
931 489 1087 575 questore,

280 607 387 680 Omne
409 628 483 678 eum
507 608 653 675 Proteus
677 605 783 694 peo‘us
801 609 874 698 egit
892 609 983 676 altos

448 731 567 798 Visere
592 733 740 816 montes,

278 855 424 922 Plseium
447 854 481 918 et
503 871 628 918 summa
649 871 760 940 genus
783 851 893 919 haesit
908 853 1014 940 ulam,
1081 829 1085 838 ¹

276 975 310 1050 N
312 978 369 1042 ota
387 993 471 1062 quoe
494 972 594 1040 sedes
608 973 721 1040 fuerat
741 973 920 1060 columbis3

276 1097 323 1163 Et
340 1097 532 1182 superiecto
555 1087 699 1181 pavidae
719 1096 879 1161 natarunt

447 1217 608 1303 Aequore
625 1215 750 1304 damae.

234 1413 236 1418 ,
276 1337 427 1407 Vidimus
451 1337 573 1404 flavum
594 1336 738 1403 'tiberim
758 1337 898 1404 retortls

275 1462 392 1530 Litore
413 1458 559 1526 Etrusco
578 1458 745 1532 violenter
766 1457 867 1526 undIs

274 1585 330 1650 Ire
350 1581 515 1650 deiectum
531 1582 744 1646 monumenta
760 1580 854 1670 regis

445 1702 648 1788 Templeque
668 1701 813 1790 Vestae3

274 1828 357 1893 lliae
379 1823 455 1890 dum
476 1843 513 1890 se
531 1823 664 1889 nimium
682 1825 835 1910 querenti

199 2061 250 2114 01.
269 2060 297 2111 2.
334 2073 361 2112 u.
380 2057 489 2156 9-11ἱ
506 2055 561 2108 tol.
581 2056 688 2109 censuit
705 2055 862 2110 Buttmann.
899 2072 927 2112 r.
947 2057 990 2110 10.
1014 2058 1145 2124 pommtts
1165 2062 1240 2115 Fea.

146 2242 217 2298 flist.
229 2245 261 2305 2,
275 2243 323 2294 63:
345 2240 453 2296 terruit,
473 2253 505 2292 aa
521 2239 669 2306 affectaret.
741 2239 785 2290 13.
803 2237 917 2307 paoem]
945 2253 1055 2304 semper
1069 2241 1126 2292 tere
1144 2257 1240 2298 arene

175 2325 202 2376 6.
231 2322 347 2388 Pyrrha,
373 2319 524 2383 Epimethei
548 2325 575 2370 et
600 2319 669 2369 Pan·
705 2319 794 2368 lutosa
808 2319 931 2369 mixtum.
950 2320 1025 2382 Virg.
1040 2318 1110 2371 Aen.
1124 2323 1156 2383 7,
1183 2327 1239 2376 31:

146 2405 228 2467 dorae
238 2403 308 2461 titia,
319 2398 492 2449 Deucalionis
498 2413 574 2449 uxor.
588 2397 667 2452 Ouid.
707 2398 841 2447 Tiberinus
848 2397 1102 2462 Vorttoittnropitite
1111 2407 1135 2451 et
1144 2407 1242 2455 matta

144 2481 211 2534 Met.
226 2482 256 2541 1,
272 2474 600 2538 260.-aovamoaat‚ro]
615 2478 667 2527 Res
704 2478 788 2545 βαυικ
807 2490 900 2528 arena.
923 2500 955 2514 -
977 2477 1082 2529 Tiberis
1109 2485 1241 2534 exunda-

144 2575 197 2612 uoo
209 2561 280 2612 visas
297 2562 359 2608 aute
375 2570 464 2620 neque
477 2557 597 2616 auditas,
616 2560 669 2606 ter·
706 2559 793 2608 tiones
816 2571 926 2621 semper
948 2559 977 2608 in
999 2559 1130 2622 prodigiis
1150 2561 1240 2614 habi·

145 2639 269 2702 rorisquo
294 2635 398 2700 plenas.
439 2634 539 2686 Confer
568 2635 666 2686 Catuli.
705 2643 758 2688 tae.
779 2637 834 2689 Ct'r.
849 2638 935 2690 Taeit.
951 2637 1024 2691 ann.
1042 2641 1073 2700 1,
1086 2637 1177 2690 741-
1194 2658 1243 2694 ra-

144 2719 234 2784 lipittr.
248 2717 305 2766 Pet.
320 2717 364 2766 15.
705 2720 782 2768 tortio
810 2714 954 2782 uiolenter]
985 2722 1079 2770 eontra
1105 2717 1241 2774 fluminis

77 2847 79 2852 ,
177 2798 206 2848 8.
225 2792 350 2858 Proteia]
364 2792 500 2859 onyae,
515 2794 576 2844 386.
590 2795 665 2856 Virg.
705 2803 831 2848 naturam
852 2805 1001 2849 retrorsum
1019 2798 1114 2861 pulsis.

144 2877 243 2939 Georg.
264 2876 296 2936 1,
318 2877 384 2926 395:
403 2876 533 2924 immania
549 2875 667 2936 Neptuni
740 2877 783 2927 15.
808 2872 949 2938 deuotam]
981 2891 1013 2926 ex
1041 2877 1240 2935 fundamentis

142 2955 267 3007 Araneato
279 2959 304 3005 et
317 2961 406 3016 torpeo
412 2955 499 3017 pascit
511 2952 557 3001 aab
565 2955 671 3022 parpttel
703 2956 895 3006 labefactatum
908 2961 935 3005 et
946 2955 1076 3006 dirutum.
1091 2979 1123 2991 -
1135 2971 1240 3013 monu-

140 3037 248 3099 phocoe.
270 3059 301 3070 -
321 3030 413 3097 peona]
442 3033 530 3084 omnis
558 3033 665 3094 generis
702 3041 791 3086 monto
805 3029 887 3098 repis]
909 3034 1022 3096 Regiam
1034 3035 1240 3092 Numaepom.

145 3115 239 3165 beluas
252 3115 385 3165 marinas.
704 3115 762 3178 pilii
771 3113 1107 3177 ettemplumVestaeitem
1115 3117 1237 3174 aNuma

179 3194 222 3244 11.
252 3187 410 3256 superiecto]
433 3191 528 3241 omnia
548 3190 603 3239 iam
628 3195 666 3240 te·
703 3193 842 3243 eonditum
860 3193 894 3243 ed
913 3193 1018 3243 radices
1035 3195 1135 3244 montis
1148 3194 1238 3251 Pata-

142 3279 233 3339 gente.
249 3297 280 3308 -
293 3274 369 3335 Virg.
383 3272 482 3334 Georg.
496 3271 527 3328 3,
550 3269 616 3322 539:
633 3273 665 3321 a·-
688 3273 763 3332 Atini.
777 3273 858 3336 Rapio
867 3272 926 3322 seit.
942 3273 978 3322 ita
991 3273 1082 3322 iuneta
1095 3278 1153 3323 erat
1163 3281 1237 3330 aedi

139 3355 205 3405 aetati
234 3354 328 3403 domae
351 3352 469 3414 oeroa'qae
495 3351 609 3415 papates.
632 3373 663 3385 -
702 3353 813 3414 Vestae,
834 3355 864 3400 ut
884 3351 942 3400 eius
958 3352 1036 3415 quasi
1052 3352 1151 3402 atrium
1168 3356 1237 3408 effi.

139 3431 385 3483 Alexandrinorum
394 3432 535 3493 petitarum
544 3429 664 3480 colorem
702 3436 784 3482 oeret.
830 3430 908 3481 ovio.
930 3431 1002 3482 Faet.
1023 3432 1055 3487 6,
1078 3431 1145 3481 263:
1174 3433 1238 3488 Hie

140 3511 477 3573 referunthaeimaginee,
492 3511 663 3574 quaemultis
701 3511 771 3560 tomes
796 3511 917 3574 eatpuar,
946 3511 991 3572 qai
1016 3512 1126 3560 eastimet
1150 3517 1237 3568 atria

139 3593 222 3645 nimia
233 3591 388 3640 cumulatae
402 3595 428 3641 et
441 3592 579 3654 quaesitae
588 3592 663 3642 visae
703 3591 809 3647 Vestae,
843 3589 913 3638 Tuae
941 3593 1000 3639 erat
1024 3590 1124 3640 intonsa·
1150 3597 1238 3656 repta

139 3678 217 3734 sunt,
234 3670 282 3721 sed
297 3670 369 3733 apud
383 3670 498 3734 lyricum
512 3671 602 3721 minus
616 3672 663 3721 ha·
700 3683 799 3734 mappa
817 3669 926 3720 naama

140 3754 206 3803 bont
227 3749 448 3813 reprehensionis
480 3764 561 3816 quem
590 3750 664 3814 apud
736 3748 779 3798 17.
799 3743 880 3809 [ttae]
894 3761 917 3796 s.
931 3747 1004 3800 Reae
1019 3747 1134 3808 Silviae,
1152 3763 1236 3812 quae

139 3829 337 3883 ortdiumntot.
345 3830 371 3891 1,
382 3829 560 3884 matamoro
567 3831 664 3894 pteeem
701 3828 729 3878 h.
739 3828 758 3876 l.
770 3831 797 3878 et
806 3828 877 3890 apud
887 3827 1067 3879 Claudianum
1077 3827 1235 3884 iuProbini

139 3911 275 3972 deprendit
292 3911 322 3960 ta
338 3908 420 3962 etmo.
701 3911 728 3957 et
745 3905 848 3972 Olybrii
862 3904 944 3958 Cone.
958 3906 1020 3959 225.
1040 3919 1108 3958 uxor
1125 3911 1167 3957 est
1180 3908 1235 3962 Ti-
