2562 4108
149 158 228 228 tuo
505 168 847 244 nonaumcuaurnuu

230 314 435 398 Medumque
454 310 574 378 flumen
595 309 754 396 gentibus
774 305 922 372 additum
1022 377 1024 382 ,
1076 286 1079 295 “

230 434 340 500 Victis
360 432 504 495 minores
524 429 664 492 volucre
683 428 846 528 uerticem

272 553 432 634 Intraque
454 549 695 633 praescriptum
717 545 868 612 Gelonos

313 669 457 758 Exiguis
477 669 625 752 equitare
647 667 781 748 campis.

587 934 791 950 *d
889 945 890 949 ,

457 1144 460 1154 ’
552 1165 701 1256 enm
751 1165 821 1256 x.

386 1435 481 1490 ΔΙ)
539 1425 1014 1486 moliuntur..

197 1787 198 1818 ἶ
226 1725 368 1791 Rectius
388 1727 498 1809 vives⁷
523 1720 647 1808 Licini,
667 1739 775 1805 neque
797 1721 898 1785 ultum

226 1832 368 1927 Semper
388 1841 540 1930 urgendo
563 1857 687 1924 neque,
709 1839 784 1902 dum
805 1837 974 1922 procellas

142 2136 280 2188 additum,
316 2127 343 2181 id
375 2133 430 2191 est,
465 2130 579 2194 imperio
611 2127 663 2182 Ro·
701 2131 782 2192 igitur
801 2129 972 2179 turbulentus
992 2130 1073 2190 atque
1097 2125 1224 2180 ambitio-

141 2226 224 2262 muno
239 2210 389 2260 subiectam
407 2209 451 2258 sit.
483 2209 569 2258 Tacit.
588 2206 661 2258 Anu.
701 2217 746 2256 sus
762 2207 878 2268 Augusti
893 2208 1104 2256 dominationem
1123 2211 1223 2256 acerbe

142 2293 173 2350 1,
192 2291 237 2340 79.
360 2331 363 2340 ,
701 2286 835 2346 exagitare
872 2283 975 2332 solebat
1005 2295 1142 2345 novusque
1175 2299 1221 2334 res

175 2368 220 2417 23.
241 2361 364 2425 Gelonus]
384 2357 542 2423 venien.
556 2355 582 2421 8,
596 2356 662 2411 tea:
701 2375 807 2423 semper
840 2361 940 2409 moliri.
993 2359 1071 2409 luitis
1102 2361 1223 2424 denique

142 2441 549 2505 detonueeytniaemuropaeae
560 2439 662 2501 popuii,
701 2453 763 2486 cum
776 2438 880 2486 Fannio
898 2437 1034 2498 Caepione
1046 2437 1158 2498 Augusti
1175 2451 1223 2487 oc-

142 2523 240 2572 fluibue
262 2520 316 2568 euie
338 2518 458 2575 multati,
482 2517 552 2564 intre
572 2517 664 2566 termi·
701 2516 808 2564 uidendi
832 2512 952 2561 consiliis
977 2509 1064 2575 iisque
1088 2513 1223 2578 detectis,

141 2609 207 2646 num
229 2597 263 2644 ub
281 2593 403 2658 Augusto
422 2593 616 2655 praescriptum
635 2593 663 2640 in
701 2595 797 2651 ambo,
823 2606 885 2640 cum
910 2592 953 2640 die
978 2593 1048 2640 dicta
1070 2592 1098 2640 in
1119 2590 1223 2643 iudicio

141 2679 280 2735 posterum
315 2673 370 2720 iam
404 2669 555 2721 Nomadum
587 2683 663 2719 more
701 2682 755 2720 non
768 2669 996 2730 comparuissent,
1013 2671 1138 2718 absentes
1152 2673 1225 2720 ersi-

142 2750 304 2813 equitabunt,
318 2749 490 2798 excursiones
504 2760 565 2796 suus
583 2747 663 2796 alior—
699 2749 736 2796 iio
761 2747 881 2796 damnati
907 2751 970 2794 aunt
994 2751 1020 2794 ei
1045 2747 1136 2808 paullo
1160 2755 1223 2811 posi

142 2841 203 2877 eum
222 2839 302 2888 quam
316 2827 344 2874 iu
357 2826 507 2874 itomanam
527 2813 662 2872 dicionem
701 2825 788 2874 necati
812 2837 839 2871 a.
866 2836 896 2872 ιι.
931 2835 957 2870 c.
986 2823 1048 2874 732.
1077 2824 1128 2874 Dio
1152 2824 1173 2874 l.
1200 2826 1221 2877 1.

140 2904 252 2952 facient.
290 2902 453 2952 «Cesserunt
465 2900 556 2948 Parthi
567 2899 662 2948 Arme·
700 2900 814 2955 velita,
832 2900 877 2949 91.
913 2899 1011 2948 Licinii
1027 2915 1117 2950 mores
1136 2905 1224 2964 probe

140 2980 187 3028 nia
205 2983 232 3028 ei
250 2980 327 3042 signa
340 2978 467 3045 militaria
485 2975 574 3025 Crassi
588 2989 662 3025 excr-
700 2991 762 3026 cum
779 2982 869 3026 ncss'et
885 2977 1028 3038 Horatius,
1046 2961 1224 3032 cumcxhor-

140 3058 205 3106 citui
234 3057 360 3117 adempta
386 3046 560 3102 reddiderant
583 3067 609 3101 a.
631 3067 659 3101 u.
700 3055 751 3103 tari
775 3055 862 3104 studet
883 3056 917 3103 ad
942 3057 1157 3106 moderationem
1183 3066 1224 3109 at-

138 3149 164 3184 o.
184 3131 258 3192 734„
278 3133 376 3182 deinde
391 3132 473 3180 etiam
489 3131 595 3180 obsides
613 3132 662 3179 mi·
700 3141 752 3193 que
779 3131 922 3182 universae
949 3131 1020 3188 uitae
1043 3136 1225 3195 aequabilita-

139 3224 199 3260 serc
223 3205 284 3271 (Od.
300 3209 345 3267 Δ3,·
361 3208 393 3268 3,
418 3204 488 3270 dd).
525 3208 611 3257 Dacos
635 3213 662 3258 et
698 3213 767 3267 tem,
796 3208 854 3269 ipso
879 3219 987 3269 quoque
1008 3209 1116 3260 dicendi
1138 3223 1225 3273 genc-

140 3288 275 3338 Sarmutua
294 3281 426 3346 (Gelonos)
444 3285 569 3333 Danubio
593 3285 661 3333 Len·
699 3300 727 3334 re
753 3287 786 3332 ad
810 3291 1000 3346 argumentum
1030 3291 1225 3350 attemperate.

139 3364 211 3413 tulus
232 3362 396 3424 prohibuit.»
432 3362 537 3411 norun.
699 3363 833 3424 Scriptum
849 3363 955 3413 videtur
972 3376 1082 3414 carmen
1100 3378 1126 3414 a.
1143 3379 1175 3417 n.
1198 3381 1226 3418 c.

172 3440 207 3488 X.
244 3439 275 3486 L.
293 3433 413 3488 Licinius
428 3438 513 3496 Varro
530 3439 658 3500 Murena,
697 3440 759 3488 728.

137 3517 222 3567 stater
238 3515 373 3566 Proculeii
389 3522 416 3565 et
428 3515 571 3574 Terentiae
587 3517 660 3566 Mae·
733 3517 790 3564 1⁴·—
800 3515 828 3564 4.
846 3500 936 3564 'Vitam
949 3517 1097 3570 humanam
1106 3533 1231 3584 compa.

137 3594 251 3654 cenatio,
265 3589 384 3663 ἀκράτῳ
398 3590 497 3657 (inquit
505 3594 609 3654 Diodd,
619 3591 658 3656 3.)
697 3598 739 3642 rat
756 3607 819 3642 cum
838 3593 1024 3656 navigatione,
1044 3597 1072 3645 iu
1091 3611 1145 3660 qua
1164 3613 1232 3650 nou

137 3673 189 3723 καὶ
219 3675 380 3740 κατακορεῑ
407 3665 561 3741 παρ’ῥησίᾳ
586 3668 660 3742 πρὸς
697 3671 802 3732 expedit
823 3683 933 3720 cursum
956 3685 1061 3736 mucra,
1084 3676 1232 3735 pertinaci

136 3745 249 3810 πάντας
269 3740 383 3812 ὁμοίως
407 3746 528 3820 ἐχρῆτο.
569 3748 658 3798 Homo
696 3747 784 3798 studio
808 3761 924 3810 semper.
940 3749 1056 3810 diripere
1078 3751 1107 3800 iu
1128 3751 1232 3814 altum
