2644 4112
500 163 574 220 ἹιΙΒι
595 166 619 210 l.
661 168 733 214 ΕΔΤ.
753 173 798 216 W.

123 289 298 376 Rumpcris
319 297 354 358 et
374 295 495 380 lutros,
515 303 865 381 moguorum'msxime
885 279 1009 395 regum.

20 409 22 415 ’
121 407 174 472 Ne
195 411 329 504 longum
342 411 489 512 *inclama
510 411 585 478 dum
607 420 644 496 tu
666 419 849 502 quadrante
869 425 1014 489 lavatum

50 563 57 570 ,
120 523 197 590 Rex
218 527 282 592 ibis
302 545 408 612 neque
430 531 465 594 tc
486 533 654 616 quisquam
675 539 817 621 stipator
837 539 981 624 ineptum

119 641 261 710 Praeter
275 639 466 730 crspnum
486 651 684 734 sectabitur,
713 658 747 718 et
767 655 843 719 mibi
864 656 978 724 dulces

118 761 319 848 Ignoscent,
338 764 367 826 si
389 764 465 846 quid
486 783 628 848 peccaro
650 772 787 854 stultus,
808 773 917 856 amici;
1124 775 1228 836 itti-
1302 797 1303 800 ’

118 878 232 960 Inque·
246 881 351 944 vicem
372 881 499 946 illorum
520 885 629 967 pstior
651 885 772 952 delicto
793 891 949 972 libenter,

117 993 339 1080 privatusque
360 999 466 1086 magis
487 999 596 1064 vivum
617 1005 651 1066 te
672 1021 753 1091 rege
774 1006 900 1071 beatus.

540 1169 759 1186 Μ

249 1309 252 1316 ’
440 1329 708 1416 saurus
761 1339 856 1426 ιν.
927 1423 930 1428 ,

15 1551 16 1556 ’
100 1539 253 1626 diopolis
273 1549 372 1626 atque
393 1541 548 1608 Cratinus
565 1547 872 1656 Aristophanesque
894 1559 1013 1639 politae

15 1657 16 1664 ’
114 1661 227 1746 Atque
249 1659 304 1744 alii
326 1676 460 1742 quorum
482 1664 649 1739 comoedia
670 1669 780 1749 prisce
802 1672 945 1737 virorum
967 1679 1040 1759 cst,
1098 1742 1102 1749 ,

15 1839 16 1855 ’
111 1848 229 1897 iusmodi
272 1847 421 1898 Stoicorum
454 1847 629 1910 semicpuioo·
666 1849 726 1898 cino
747 1847 1199 1913 (snr.1‚1o‚m.),uouoerro-'

15 1957 16 1962 ι
114 1938 183 1976 rum.
199 1948 229 1959 -
244 1922 388 1987 comperis]
408 1923 556 1974 clamitans.
571 1919 626 1971 Gic'.
665 1925 747 1973 ratius
772 1926 909 1977 exsisteret
939 1938 1024 1980 novus
1053 1935 1176 1986 salirioae

15 1997 16 2060 ζ
113 2002 146 2050 ad
163 2001 239 2050 Fam.
258 2001 333 2059 *1‚1.·
369 2001 465 2062 Dirupi
484 2013 566 2061 pocae
589 2011 627 2048 me
665 2002 870 2062 poisisauctor‚
890 2000 1177 2066 sedtemporerlmci·

112 2079 140 2124 in
150 2075 247 2124 iudicio
262 2075 340 2126 Galli.
362 2100 392 2112 -
413 2076 587 2134 Quadrantem
598 2074 626 2123 in
649 2077 736 2126 ¹liana
751 2080 836 2124 aetate
852 2076 965 2126 multum
982 2079 1097 2132 diverso.
1116 2085 1175 2136 Nou

15 2157 16 2202 3
105 2143 218 2212 ‘puluere
232 2151 345 2212 publicis
357 2150 479 2200 homines
493 2153 627 2202 tenuiores
663 2153 743 2214 igilur
766 2152 864 2200 mirum
884 2153 961 2203 nobis
981 2157 1066 2207 rideri
1091 2166 1177 2221 potest·

112 2227 266 2290 pendebant
278 2226 436 2277 balneatori.
450 2224 624 2289 -ertipoiod
662 2230 696 2276 ab
714 2226 774 2276 aliis
795 2239 826 2276 ea
842 2227 932 2278 betete
955 2232 1072 2284 nativam
1091 2235 1174 2286 liora·

15 2305 16 2308 ’
113 2301 482 2354 ovelutsatellcsolassccla.»
492 2301 626 2367 luneque
662 2305 750 2353 tianae
763 2303 859 2352 satirae
874 2304 1071 2366 simplicitatem
1081 2313 1106 2358 el
1115 2321 1174 2368 gra·

15 2425 17 2440 ,
111 2384 136 2427 te
152 2383 204 2426 cel.
219 2379 300 2438 iunge
314 2392 375 2426 oum
392 2379 490 2440 protasi
502 2381 577 2435 dum,·
596 2380 625 2424 in
663 2384 716 2427 tam
741 2380 870 2430 sermonis
895 2380 1086 2440 negligentium
1110 2395 1174 2444 prro

15 2443 16 2458 ¹
110 2454 222 2516 apodosi
239 2459 328 2503 autem
346 2455 396 2502 sibi
408 2453 569 2514 respondent
585 2458 625 2500 ot·
662 2453 708 2502 illa
739 2454 822 2514 magis
836 2451 839 2455 ’
853 2453 993 2503 artificiosa
1025 2457 1175 2508 carminum
1250 2483 1258 2499 x

111 2542 243 2592 pice-quc.
281 2531 366 2579 olium
383 2535 423 2588 tu,
444 2530 545 2589 Stoice,
565 2535 639 2590 pro·'
662 2529 864 2592 pannoniorum
895 2529 999 2580 ratione
1030 2531 1173 2583 fastiditam

109 2610 170 2668 pter
178 2607 263 2668 ipsam
273 2609 452 2656 morositatem
466 2606 493 2654 in
506 2605 625 2654 iudicau-
662 2619 734 2664 esse,
753 2606 786 2652 ab
803 2605 862 2653 aliis
877 2606 982 2666 podiam
992 2611 1020 2655 ut
1030 2611 1173 2669 acerbum,

15 2669 16 2726 Ϊ
111 2683 146 2731 do
163 2683 197 2730 ab
214 2684 338 2732 omnibus
356 2682 496 2730 derelictus
513 2671 622 2742 manes,
662 2679 789 2740 lividum,
814 2680 977 2730 malitiosum
993 2685 1051 2732 es‘se
1071 2686 1174 2748 vitupe-

15 2755 16 2760 ’
111 2771 161 2820 ego
179 2765 291 2808 naturae
309 2763 440 2810 humanae
458 2772 560 2808 morem
581 2772 624 2820 ge·
662 2763 759 2807 ratum.
797 2757 853 2806 lam
878 2763 973 2807 contra
985 2758 1034 2808 lros
1053 2761 1178 2810 sinistros

15 2841 16 2896 ζ
111 2849 173 2887 reus
193 2836 269 2886 lruor
291 2841 361 2886 sorte
386 2835 467 2894 louge
488 2834 623 2892 feliciore;
662 2848 783 2884 rumores
796 2839 823 2883 ot
839 2847 921 2896 prava
934 2835 1032 2883 iudicia
1048 2840 1077 2885 ut
1089 2849 1117 2887 sc
1130 2838 1175 2887 dc·

15 2925 16 2970 1
60 2955 63 2962 .
111 2913 211 2962 etenim
227 2914 329 2962 amicos
347 2912 474 2974 habeoin
487 2925 624 2974 meaeque
661 2910 795 2970 tenderet,
829 2911 900 2960 banc
926 2911 1034 2966 satiram
1060 2913 1175 2962 consori-

112 2990 281 3050 indulgentes
294 2994 320 3039 et
336 2993 517 3050 comessalque
534 3001 583 3050 ego
596 2989 624 3036 in
663 2987 723 3050 psit.
747 2988 891 3038 Heruoonr
910 2992 937 3037 et
953 2987 1033 3038 Zeno.
1061 2984 1175 3052 (Scripta

111 3067 171 3116 illos
194 3079 281 3118 sum.»
473 3051 477 3058 ’
662 3063 765 3114 videtur
776 3065 923 3113 Kirchnerc
937 3077 962 3114 a.
977 3079 1004 3113 ιι.
1019 3078 1044 3114 c.
1056 3063 1131 3129 722.)

145 3143 192 3192 lu.
229 3133 369 3203 Octoginta
382 3141 560 3190 circilcraote
572 3141 625 3190 ilo·
697 3141 788 3188 1-,-5.
824 3137 948 3201 Eupolis]
968 3141 1172 3202 Quintil.1o,1‚

111 3219 210 3268 ratium
234 3211 312 3267 arinis
329 3217 462 3276 Lucilius,
488 3218 569 3267 ueteri
583 3217 626 3264 illi
662 3215 709 3264 65:
729 3215 842 3278 Antiqua
855 3217 986 3266 comoedia
998 3239 1008 3250 ·
1020 3241 1031 3251 ·
1042 3217 1175 3278 [accedis-

112 3295 191 3346 Ennii
210 3295 307 3342 satirae
323 3295 436 3342 sormam
457 3307 564 3356 prorsus
578 3307 624 3342 no·
660 3293 740 3339 mmor
760 3292 886 3340 libertatis
910 3298 947 3340 cst
972 3299 996 3340 ct
1020 3294 1174 3344 insectandis

92 3387 95 3394 ’
112 3385 172 3422 uam
190 3372 313 3430 dederat,
333 3361 398 3418 curn'
410 3383 474 3431 suae
486 3370 578 3418 aetatis
588 3370 625 3418 vi·
660 3368 731 3414 uitiis
739 3369 893 3427 praecipua.
911 3391 944 3403 -·
962 3368 1051 3416 Plures
1065 3369 1120 3430 ιιίιι
1129 3381 1176 3416 ao·

112 3452 166 3496 tam
193 3460 336 3508 moresque
358 3446 426 3494 salse
453 3447 622 3494 describeret.
662 3448 759 3490 olores:
779 3441 963 3504 Aristophanes
983 3449 1069 3492 tamon
1087 3445 1175 3492 soliu-

112 3523 174 3572 Post
187 3522 321 3572 Lucilium
333 3535 413 3572 nemo
423 3523 451 3570 iu
464 3523 515 3570 boo
527 3533 625 3580 genere
660 3517 728 3578 potis
741 3517 908 3580 Cratinusque
914 3519 1057 3580 praecipui.
1077 3517 1175 3577 Quanti

113 3612 175 3650 cum
192 3596 271 3648 laude
290 3598 449 3656 elaboravit,
478 3596 574 3647 frustra
599 3596 624 3644 id
662 3593 787 3644 Horatius
795 3593 1017 3654 ioceritliupolin,
1026 3591 1135 3652 colliges
1143 3607 1176 3643 ex

39 3714 41 3720 .
113 3679 220 3738 experto
237 3675 268 3724 P.
283 3675 414 3726 Terentio
426 3674 545 3722 Varrone
565 3671 626 3728 nta-
663 3670 716 3721 Sat.
739 3673 770 3726 2,
792 3673 822 3730 3,
843 3671 886 3720 12.
907 3693 937 3704 -
954 3665 1061 3730 prisco]
1085 3669 1174 3720 Crilici

144 3815 147 3818 ,
175 3785 262 3814 nourr.
288 3784 400 3816 co.arrn.
421 3783 475 3812 von.
495 3783 522 3813 ιι.
559 3764 571 3817 J
726 3829 730 3834 ἱ
994 3757 1012 3816 3
