2644 4114
275 627 276 634 ‘
324 593 393 756 u·
414 629 720 759 nonaum
752 620 997 736 annuos

123 845 1201 1098 consummatissimum.

548 1241 769 1254 -——-—-

434 1397 879 1476 nno'nrsuorsn'ns.
1016 1396 1022 1406 '

171 1657 210 1705 Iis
228 1653 333 1714 origine
352 1653 479 1702 ludorum
497 1652 660 1710 secularium
679 1657 706 1702 ot
724 1653 757 1702 dc
776 1653 846 1709 ritu.
866 1666 920 1714 quo
940 1653 967 1701 ln
987 1653 1087 1714 Campo
1100 1653 1199 1705 Martio

14 1739 18 1744 ·
81 1767 85 1774 .
118 1723 341 1780 celebrabantur,
372 1721 433 1770 vids
452 1719 526 1770 locos
546 1721 770 1770 commentatoris
789 1721 937 1782 Cruquiaui
963 1724 990 1769 et
1007 1718 1106 1770 zosimi
1125 1723 1156 1773 L.
1170 1725 1197 1784 2,

119 1796 146 1842 5.
178 1794 205 1840 in
225 1791 281 1840 tid.
302 1789 419 1843 maiore.
448 1789 547 1844 collato
573 1791 601 1838 in
628 1791 722 1854 primis
751 1789 899 1840 Censorino
925 1789 956 1838 C.
976 1790 1019 1840 17.
1061 1790 1199 1852 Augustus

118 1874 165 1910 eos
184 1859 331 1909 calcitravit
348 1871 373 1907 s.
394 1871 422 1906 u.
442 1871 467 1905 o.
486 1857 564 1917 737„
585 1871 647 1906 oum
667 1857 784 1920 primum
804 1859 980 1916 decennium,
1002 1859 1029 1907 in
1049 1859 1120 1922 quod
1139 1875 1199 1924 pro-

117 1928 269 1990 rogandum
283 1927 333 1976 sibi
352 1940 367 1975 a
386 1931 480 1975 senatu
500 1927 643 1988 imperium
662 1932 804 1976 curaverat
822 1941 847 1976 a.
862 1941 890 1976 u.
904 1940 929 1976 c.
943 1927 1021 1987 tun,
1042 1925 1107 1991 (quo
1125 1943 1198 1980 suno

117 1998 199 2050 utiam
219 1997 356 2057 sagnam
374 1993 526 2058 appellatus
544 1992 617 2058 ests)
645 1996 831 2058 praeterisset,
862 1997 1085 2058 quuoccasiouu
1108 1999 1198 2054 obtata

116 2067 214 2132 partim
231 2065 400 2127 praectarum
419 2061 555 2114 felicitatis
575 2065 681 2128 imperii
699 2065 814 2117 Rotnani
835 2079 864 2117 sc
889 2067 1012 2129 principe
1036 2082 1198 2118 monumen·

116 2141 172 2186 tum
193 2134 306 2200 posteris
324 2146 494 2194 proponoro,
515 2133 611 2193 partim
630 2133 758 2183 Romanis
778 2133 866 2194 legem
886 2149 962 2186 suam
982 2136 1015 2184 ds
1037 2129 1208 2186 maritandis¹

116 2203 257 2252 ordinibus
274 2202 463 2250 commendare
479 2203 579 2250 statuit.
617 2201 689 2254 Finis
705 2201 785 2264 igitur
796 2203 875 2251 liuius
890 2205 1070 2252 caerimoniae
1084 2205 1196 2254 omnino

116 2277 173 2320 crat
200 2267 437 2330 πολιτικώτατος.
483 2269 628 2332 compacto
655 2277 744 2319 autom
772 2285 830 2320 rem
857 2282 918 2320 cum
947 2271 1107 2333 Quindecim
1131 2273 1197 2321 siris

115 2341 199 2389 sacris
228 2337 361 2386 faciundis
390 2339 425 2386 ita
451 2337 539 2396 spisse
565 2340 687 2400 videtur,
720 2343 750 2387 ut
776 2340 803 2387 hi
829 2354 880 2401 pro
896 2341 955 2389 clus
973 2341 1112 2389 voluntate
1130 2341 1198 2389 diois

113 2419 196 2458 cansa
210 2405 345 2456 consultis
364 2403 444 2454 lituris
460 2402 600 2470 Sibyllinis
616 2414 642 2456 st
661 2409 817 2469 compositis
835 2410 949 2457 tortasss
968 2409 1022 2456 iilis
1036 2409 1100 2470 ipsis
1113 2409 1198 2458 ronl-

114 2479 165 2528 nas
183 2475 339 2540 Sibyllinis,
368 2489 436 2537 quos
452 2482 596 2527 servarunt
613 2475 737 2538 Phlegon
754 2476 908 2526 'lasiihnsrs
927 2482 955 2526 ut
972 2477 1108 2532 Zosimus,
1137 2489 1197 2538 pto·
1240 2503 1242 2508 ·

113 2547 285 2603 nuntiarent,
318 2545 426 2594 ultimos
449 2543 531 2594 ludos
559 2545 696 2597 seculares
722 2545 873 2596 celebratos
899 2559 961 2602 osso
977 2559 1003 2594 s.
1023 2561 1050 2596 u.
1071 2561 1095 2596 c.
1116 2547 1195 2606 tm,

112 2629 168 2678 quo
185 2615 301 2668 tortasse
325 2612 462 2674 piaculum
485 2613 528 2662 vsi
554 2613 668 2665 lustrum
687 2614 797 2674 aliquod
816 2614 949 2666 sollemne
968 2615 1061 2676 populi
1079 2616 1197 2667 Romani

110 2685 215 2734 suctum
234 2688 309 2739 orat,
338 2695 400 2730 cum
420 2696 448 2730 rc
467 2695 530 2730 vera
549 2683 669 2744 proximo
688 2682 842 2744 superiores
870 2683 933 2730 oditi
960 2687 1050 2730 essunt
1071 2697 1096 2732 a.
1120 2699 1147 2733 u.
1170 2699 1195 2736 c.

110 2754 174 2812 605.
189 2751 316 2810 voll308.‚
338 2751 513 2812 sequentihus
534 2747 570 2814 (a.
591 2765 619 2797 u.
640 2765 663 2797 u.
682 2748 743 2798 705.
764 2747 806 2798 vel
825 2745 898 2812 708.)
918 2764 966 2811 per
985 2750 1118 2798 bellorum
1132 2753 1196 2802 ciri·

113 2823 180 2870 lium
200 2821 292 2869 turbas
312 2819 486 2876 intermissis3
508 2817 630 2867 seculum
649 2823 738 2866 autom
758 2817 830 2866 liniri
849 2819 928 2866 unnis
946 2815 1016 2875 CX„
1044 2819 1141 2879 quain
1166 2833 1196 2868 rs

112 2888 254 2940 Etruscain
274 2889 424 2937 doctrinam
444 2888 528 2936 secuti
548 2887 764 2941 auscultantur,
786 2899 848 2935 cum
868 2887 1035 2936 consuetudo
1054 2885 1149 2935 Latina
1166 2899 1194 2938 r.

112 2961 225 3010 asoarium
239 2965 294 3021 ‘pro
312 2957 433 3005 centenis
452 2957 531 3004 annis
545 2960 698 3017 usurparet.
720 2970 745 2986 ··
1146 2979 1149 2986 ι

542 3139 606 3150 *—
649 3120 653 3130 s

283 3331 419 3396 Phoebe
439 3331 663 3412 silvarumque
684 3331 806 3410 potens
829 3326 952 3408 iliona,
999 3370 1001 3378 a

281 3451 441 3521 Lucidum
464 3451 548 3514 cosli
568 3447 689 3532 decuS,
712 3467 730 3511 o
754 3445 883 3511 colendi

148 3653 173 3700 t.
210 3640 509 3708 corumpatur]
531 3638 593 3704 (on.
607 3641 633 3699 1,
672 3604 792 3698 astos:
821 3638 1194 3692 anonumum

113 3721 459 3791 ³,s.)ntaatrpsdr'ooou.
479 3720 634 3783 Virmsn.
672 3729 732 3768 sustu
750 3717 977 3766 Lutorsiscustos.
1119 3741 1124 3748 -
