2644 4112
163 153 216 222 te
514 175 651 224 nonani
669 165 866 222 satiamini

166 287 236 372 Nee
258 309 344 390 quoii
358 327 449 408 'avus
469 307 529 375 tibi
549 311 714 390 maternus
733 305 796 371 ruit
816 307 916 388 atque
936 303 1109 387 paternum,
1186 297 1192 306 '

160 421 252 514 oiim
274 423 329 506 qui
348 423 475 509 magnis
495 422 679 509 legionibus
699 421 941 503 imperitarent,

69 563 73 570 ·
167 535 214 601 iit
235 539 382 622 plerique
402 538 526 616 solent,
546 555 629 601 naso
649 534 824 620 suspendis
844 533 973 600 adunco
1023 531 1026 536 ’

165 655 306 740 Ignotos
319 648 362 717 'ut
384 669 433 718 me
453 641 604 718 libertino
628 655 721 736 patre
741 653 863 715 natum.

166 755 246 836 cum
266 769 392 834 referre
414 787 535 856 negas,
557 769 644 852 quia-li
666 768 710 833 sit
731 769 1026 852 quisque-parente
1112 811 1115 816 -
1206 809 1209 816 -

165 885 287 966 Natus,
308 887 381 949 dum
403 883 581 972 inge'nuus3
605 881 787 968 persuades
807 883 871 947 hoo
891 881 950 948 titi
971 893 1066 960 vere,
1145 901 1148 906 ·

166 1001 257 1066 Ante
278 1004 474 1086 potestatem
496 1001 582 1066 'luilli
603 1004 702 1082 atque
722 998 868 1083 ignobile
888 1015 1025 1083 regnum
1052 979 1059 990 ⁵

166 1092 294 1180 Multos
314 1134 415 1198 saepe
436 1120 527 1181 viros
548 1117 646 1179 nullis
667 1101 955 1177 maioribusortos
1185 1103 1224 1166 ’10

108 1309 114 1318 Δ
167 1231 211 1294 iit
231 1232 356 1294 vixisse
376 1224 515 1313 probos,
536 1230 652 1312 amplis
672 1232 706 1292 et
727 1228 907 1292 honoriltus
927 1231 1058 1311 sueton

167 1347 290 1410 Contra
310 1347 510 1422 Laevinum,
529 1345 642 1408 Valeri
661 1362 784 1430 genus,
803 1343 891 1435 unde
911 1345 1073 1425 superbus
1176 1395 1179 1402 ,

166 1462 362 1544 Tarquinius
382 1461 488 1547 regno
509 1461 624 1542 pulsus
644 1460 723 1542 fuit,
744 1458 841 1522 unlus
857 1459 947 1522 'assis

165 1620 243 1738 Wp.
250 1605 289 1721 lp.
308 1603 453 1720 regioppbaa
469 1603 532 1653 i'ea.
550 1603 726 1664 impaitarint
743 1603 827 1654 Mein.
843 1602 1030 1663 imperitarunt
1046 1602 1124 1652 Fea.
1141 1615 1167 1656 r·
1181 1603 1241 1658 13.-

274 1683 315 1720 .e
354 1683 369 1719 o
409 1705 416 1719 .

163 1795 237 1844 tione
255 1791 379 1856 malaque
395 1787 535 1838 sedulitate
553 1787 582 1836 in
600 1787 676 1837 iami-
713 1787 847 1844 cittium
876 1785 979 1848 mapale
1005 1789 1112 1848 autem,
1142 1791 1173 1839 iit
1197 1789 1226 1840 in

163 1870 306 1920 liaritatam
318 1864 490 1914 'Maecenatis
516 1864 673 1925 irrepsisset,
712 1876 790 1914 versu
805 1861 928 1909 Saturnio
941 1861 969 1909 in
980 1859 1061 1910 Acilii
1073 1861 1226 1913 Glabrionis

164 1945 194 1988 nt
219 1940 334 1988 honores
371 1944 398 1986 ei
431 1951 495 1996 opes
522 1942 673 1986 venaretur.
712 1935 802 1984 tabula
811 1931 996 1995 apuuitiiium
1004 1936 1225 1996 Eortunaiianum

164 2014 251 2076 Atque
270 2013 397 2062 adversus
419 2010 488 2060 hanc
507 2011 593 2072 ipsam
612 2011 686 2059 sini,
713 2023 739 2070 p.
755 2009 833 2058 2680.
852 2009 901 2058 P.:
927 2011 1039 2068 Fundit,
1056 2014 1147 2076 pipat,
1163 2025 1226 2075 pro·

166 2095 250 2139 stram
263 2087 296 2136 de
313 2099 342 2134 se
358 2085 537 2146 suspicionem
553 2090 580 2133 et
591 2087 676 2134 homi·
712 2087 803 2134 sternit
814 2086 974 2134 mouimus
991 2087 1110 2148 lentona.
1121 2101 1225 2137 -neao

164 2173 230 2208 num
247 2167 293 2218 aut
310 2161 488 2218 ignorantiam
502 2167 547 2208 aut
558 2159 675 2210 maleno·
712 2156 860 2219 suspendis]
879 2159 934 2209 Cir.
952 2160 1007 2210 Sat.
1020 2161 1047 2220 2,
1061 2161 1087 2219 8,
1101 2161 1146 2210 aa.
1181 2161 1227 2212 list

162 2235 273 2284 lentiam
285 2234 352 2294 haee
364 2235 444 2283 satira
456 2235 604 2298 conscripta
617 2249 675 2284 esse
715 2243 797 2280 ‹tnaso
817 2239 975 2294 oorrugato»
998 2249 1061 2284 cum
1076 2235 1184 2286 fastidio
1200 2240 1227 2285 et

163 2310 241 2360 sonis
268 2309 382 2360 videtur.
427 2311 497 2360 zris
521 2323 552 2359 ex
573 2311 673 2362 usian.
713 2309 1015 2370 contemplantium,
1046 2312 1224 2370 subsannare,

164 2383 278 2449 (Scripta
291 2385 438 2436 ridetur'a.
457 2400 485 2435 u.
503 2400 528 2436 o.
546 2385 620 2450 718.)
711 2386 916 2453 μυκτηρίζειν,
947 2385 1110 2437 σιλλαίνιιν.

199 2531 291 2580 1-5.
326 2531 472 2593 Lpdonim]
503 2533 540 2582 Ex
564 2534 674 2598 antiqua
745 2530 855 2580 7-17.
894 2531 956 2580 Cam
972 2529 1085 2595 referre]
1112 2533 1223 2592 «Tum,

164 2606 236 2665 sama
260 2601 371 2670 (Herod.
396 2608 429 2666 1,
450 2603 507 2670 aa.)
524 2607 674 2658 refutatae
712 2615 775 2653 cum
806 2601 852 2667 (ut
877 2619 983 2668 semper
1008 2605 1089 2670 laets)
1122 2608 1225 2672 reterre

162 2682 271 2745 Dionys.
299 2682 386 2731 Balio.
414 2683 443 2730 i.·
466 2697 493 2744 p.
518 2683 562 2731 21.
609 2683 674 2748 Lydi
711 2692 809 2741 negas,
831 2692 895 2732 vere
910 2683 958 2731 iiiii
973 2684 1134 2752 persuades,
1153 2677 1226 2733 reeta

162 2757 230 2807 duee
246 2759 401 2822 Tyrrheno,
421 2757 493 2822 Atyis
511 2759 582 2818 regis
603 2759 672 2821 filio,
711 2755 762 2806 hoo
774 2757 992 2807 sentiar-dum
1004 2753 1137 2821 inpensas]
1151 2759 1226 2808 llaee

162 2834 190 2882 in
212 2833 318 2883 ltaliam
339 2847 400 2882 eum
421 2835 672 2895 transmigrassem,
712 2833 792 2881 unica
804 2837 844 2881 esi
856 2834 990 2893 exeeptio;
1010 2833 1112 2884 scilieet
1123 2845 1224 2893 servos,

117 2921 120 2934 ¹
162 2911 199 2960 ibi
213 2908 369 2982 Τυρσηνῶν
381 2922 403 2960 s.
417 2909 615 2972 Tyrrhenorum
627 2926 680 2961 no·.
712 2919 746 2956 ne
766 2909 945 2957 manumissos
964 2909 1096 2970 .qui‹iem;
1125 2914 1156 2958 ut
1174 2909 1226 2958 eiiii

161 2985 235 3032 mine
265 2983 399 3032 Etruriam
435 2985 615 3035 incoluerunt.
642 3009 673 3020 -
712 2995 789 3043 pares
801 2985 901 3033 amieos
919 2989 1031 3034 tractare
1045 2999 1101 3033 non
1114 2989 1226 3054 poterat,

161 3070 225 3108 avan
250 3055 401 3117 mutunus]
437 3059 572 3121 Singulari
599 3075 674 3110 more
711 3059 781 3120 quoi
799 3059 852 3106 iam
871 3064 963 3108 contra
981 3066 1038 3108 erat
1059 3061 1087 3108 in
1107 3060 1225 3109 libertini
1255 3079 1258 3086 ·

161 3133 241 3181 Tusci
276 3135 474 3195 metronymieis
509 3136 673 3200 frequentius
711 3133 776 3182 illio.
797 3156 825 3166 -
853 3131 941 3200 Tulli]
957 3134 1014 3185 Liv.
1027 3135 1055 3193 i,
1073 3135 1108 3184 32
1127 3137 1230 3198 Enna·-

161 3209 242 3257 eiiam
259 3209 401 3256 utebantur
417 3221 496 3270 quam
515 3215 675 3274 patronymi·
712 3221 788 3272 quom
804 3209 906 3256 creditis
930 3209 1011 3268 fando
1035 3211 1155 3259 auditam
1175 3223 1240 3262 esss-

161 3285 210 3336 ois.
245 3283 376 3346 Loquitur
395 3298 449 3334 nou
466 3288 499 3336 de
514 3287 607 3336 Cilniis
624 3290 675 3338 Ro·
713 3309 742 3319 -
765 3281 880 3331 Servium
899 3281 1024 3344 initam,
1045 3285 1150 3344 captiva
1164 3287 1225 3336 Cor-

68 3391 71 3406 .
160 3358 265 3418 manis,
297 3371 411 3419 quorum
442 3374 522 3410 nemo
553 3376 674 3426 unquam
710 3359 832 3406 noniano
846 3365 952 3415 nutam,
968 3361 1144 3419 petronutio,
1170 3375 1224 3430 rpu-

160 3435 255 3484 eonsul
275 3433 328 3500 luit
355 3435 400 3482 aut
427 3438 555 3486 exereitus
583 3439 672 3497 duxit,
712 3441 750 3484 tra
771 3447 865 3493 servo,
895 3437 997 3497 inperito
1018 3443 1042 3484 ei
1065 3437 1163 3488 virtute
1185 3450 1224 3487 ra·

160 3512 207 3560 sed
220 3511 253 3558 de
268 3510 367 3558 luorum
379 3510 541 3570 maioribus,
561 3514 607 3575 qui
623 3515 674 3563 Lu·
710 3523 788 3573 ynam
799 3511 930 3560 tenuaret
943 3535 972 3546 -
985 3511 1136 3575 Laevinum]
1156 3515 1223 3563 allio

160 3597 288 3634 oumones
310 3581 467 3648 (principes)
493 3584 592 3636 Arretii
617 3588 673 3637 lue·
710 3587 740 3635 P.
772 3586 892 3636 Valerius
916 3587 1049 3640 Laevinus
1073 3589 1140 3640 adeo
1169 3589 1223 3638 ioe-

160 3665 230 3707 runt.
246 3682 276 3696 -
294 3660 397 3720 insonte
408 3659 564 3723 teutonibus]
584 3675 673 3711 aeret·
711 3661 751 3712 dis
771 3675 803 3711 ao
820 3661 944 3722 proiectis
967 3663 994 3714 iu
1015 3679 1124 3718 omnem
1141 3665 1223 3725 turpi-
