2644 4112
509 177 574 224 brit.
598 175 617 219 Ι.
660 171 732 218 SM·
753 173 786 216 V·

121 319 231 384 Multa
252 317 408 401 prolutus¹
423 329 535 396 unppe
556 289 658 378 neuin
677 313 777 392 etque
793 307 908 370 'victor
954 284 957 291 ’

19 441 21 450 ’
120 435 294 515 Certatim,
316 423 447 498 tundere
469 431 581 495 fessus
601 428 742 495 dormire
763 425 873 490 victor

122 555 259 638 Incipit,
280 557 320 618 u'c
341 553 460 616 missae
483 551 612 632 pastum
633 545 818 624 retinaculo
838 541 944 606 mulne
990 542 1001 548 ’

121 672 231 737 Nnutu
253 673 350 758 piger
370 687 453 735 sexo
473 669 596 754 religat
617 666 792 748 stertitque
813 661 960 742 supinus.
1055 653 1066 688 ·'
1146 742 1150 746 .

122 793 256 874 lemque
277 788 349 854 dies
369 785 503 864 adnot,
524 785 571 848 nil
592 800 663 849 cum
683 777 866 864 procedere
886 778 1016 852 lintrem
1144 770 1184 830 20
1212 780 1217 784 ·

120 903 310 982 Sentimus}
328 905 435 970 donec
456 903 651 969 cerebrosus
671 898 801 981 prosilit
822 915 908 960 unus

16 1039 19 1046 ·
120 1027 175 1091 Ac
196 1027 302 1090 mulne
323 1026 510 1103 nautaeque
530 1020 631 1100 ceput
651 1017 843 1098 lumbosque
863 1015 994 1102 saligno
1076 1100 1079 1108 r

121 1144 225 1208 Fuste
247 1141 353 1220 dolet:
374 1138 491 1222 quarte
512 1135 571 1198 vix
592 1134 719 1198 demum
740 1133 935 1215 exponimur
955 1131 1048 1196 born.

122 1259 192 1327 Ore
212 1271 389 1336 munusque
411 1256 469 1328 tua
490 1243 646 1334 iuvimus,
666 1251 826 1332 Feronia,
847 1251 991 1335 lympha.

120 1379 217 1446 Milia
238 1359 440 1454 tumprunsi
461 1369 526 1433 trie
545 1369 689 1452 repimus
709 1361 809 1452 utque
834 1369 992 1434 subintus-
1145 1366 1184 1426 ib
1259 1383 1262 1390 ·

121 1494 312 1576 Impositum
333 1489 425 1554 sexis
445 1489 514 1552 itte
536 1485 754 1552 candentibus
773 1487 905 1552 Anxur.

13 1651 14 1662 κ
119 1611 195 1674 Huc
216 1585 377 1672 venturus
399 1608 471 1669 eret
491 1603 675 1670 Meeccnes
689 1583 966 1688 ‘optimusutque

13 1747 14 1766 ¹
120 1727 297 1804 Cocceius,
318 1713 415 1787 missi
428 1724 557 1808 mugnis
578 1721 619 1785 de
641 1723 740 1786 rebus
761 1725 899 1806 uterque

102 1958 107 1964 ’
171 1967 198 2003 r.
217 1951 262 2000 ui.
293 1950 405 1998 lenimur
427 1961 489 1996 cum
512 1925 678 2008 'torinneio
704 1947 735 1998 B.
781 1963 806 1998 v.
826 1949 870 1998 2⁷.
897 1948 1046 2008 Maecenas,
1075 1955 1188 2014 optimus

120 2027 197 2083 otpue
214 2020 246 2069 B.
265 2031 280 2068 e
299 2017 382 2067 Codri.

13 2181 14 2184 ’
120 2178 246 2226 mncbose
267 2178 399 2224 ibeccntot
413 2175 519 2233 inserit,
538 2175 633 2237 inquit,
671 2175 778 2232 seben,
797 2175 1066 2238 corriperent.-
1079 2177 1186 2240 quarto]

120 2259 189 2304 cet.»
209 2276 240 2288 -
257 2248 396 2312 trecentos]
424 2255 453 2300 ut
474 2253 585 2300 sescenti
602 2252 634 2300 de
672 2251 813 2308 diethero,
831 2254 974 2314 respondet
991 2254 1097 2303 circiter
1117 2255 1192 2319 decb

120 2341 352 2390 mnguonumerc.
362 2351 397 2366 -·
408 2325 494 2388 mula]
508 2328 581 2378 mule
594 2339 636 2375 re·
672 2340 732 2376 mue
744 2333 860 2394 nostrae.
872 2353 902 2364 -
916 2327 1039 2391 tammus]
1059 2331 1186 2380 Horatius

120 2406 210 2454 mulco
223 2405 348 2464 alligatur
356 2404 439 2452 lintri.
453 2429 482 2438 —
492 2410 523 2458 ut
534 2399 633 2462 contat]
673 2416 778 2466 semper
795 2409 905 2466 usurpat
922 2401 1036 2481 sormam
1054 2407 1187 2468 antiquio·

13 2541 14 2544 Ἴ
119 2483 201 2530 udum
214 2481 362 2530 cantilenas
380 2481 523 2530 amatorius
536 2485 636 2530 canunt
672 2493 729 2528 rem
749 2481 841 2529 laone.
879 2481 1021 2528 ‹riccimue
1044 2487 1134 2530 nutem
1161 2489 1188 2532 et

120 2558 262 2608 temulenti
277 2561 304 2605 et
315 2562 397 2606 neuin
411 2562 438 2605 et
451 2557 572 2614 muli0;n
590 2557 635 2605 hic
673 2556 810 2617 religionis
827 2569 907 2606 cnnst
922 2562 947 2604 et
959 2559 1103 2618 prandium
1116 2571 1188 2608 sum-

13 2621 14 2664 i
119 2634 193 2684 enim
205 2638 245 2682 est
257 2635 284 2682 b.
299 2634 317 2682 l.
331 2635 434 2692 viator,
454 2635 634 2696 quiperuinru
672 2634 768 2697 pturin)
780 2623 943 2693 -Fercnia]
959 2635 1187 2696 untiqundenitu-

118 2710 234 2774 Appium
253 2712 380 2760 incedens
401 2710 466 2759 tune
484 2711 565 2760 trehit
584 2711 635 2760 iin-
672 2713 734 2769 lice,
748 2714 839 2771 postea
850 2710 1199 2772 coniunctucumiuncue‘

118 2793 198 2838 trem.
219 2813 247 2822 —-
266 2785 403 2849 prolutus]
433 2790 462 2835 ut
480 2785 634 2856 βεβρεγμέ-
672 2786 743 2836 uude
768 2787 796 2834 in
820 2786 955 2846 Inscripti.
979 2792 1091 2838 uocetur
1120 2791 1187 2838 Iuno

13 2893 14 2942 t
118 2879 183 2926 νος,
204 2864 342 2922 medidus,
362 2857 475 2922 uvidus,
500 2876 548 2924 pro
565 2863 634 2912 bene
671 2865 802 2914 Funourt.
825 2863 965 2923 Templum
984 2863 1090 2912 celebre
1107 2866 1188 2916 bube-

13 2943 14 2986 t
119 2944 191 3000 pcto.
210 2961 241 2972 -
259 2937 445 3003 Nautaptper]
468 2938 635 2990 «cumburc
669 2938 717 2988 bnt
729 2940 780 2988 ΙΙΙ.
790 2938 848 2988 mil.
862 2952 932 3001 pass.
949 2940 1134 2996 nanrucinn.
1154 2969 1187 2978 -

13 3039 14 3082 4
119 3029 227 3078 quoquc
251 3029 370 3069 somnus,
385 3017 511 3078 obrepit,
542 3014 634 3064 inirem
672 3013 799 3076 repimus]
832 3016 921 3076 «Quia
946 3016 998 3065 iliis
1024 3020 1187 3080 temporibus

118 3093 209 3141 mulne
229 3092 376 3141 detractum
392 3104 454 3141 sero
471 3101 502 3140 ex
521 3092 635 3155 ripuen—
672 3091 760 3140 adhuc
773 3092 975 3141 Tarracinensis
992 3095 1056 3144 urbs
1072 3096 1100 3145 in
1116 3096 1189 3146 ultis·

13 3217 14 3222 ,
119 3170 215 3218 eunti,
229 3169 324 3230 religet
343 3171 435 3232 sicque
462 3174 568 3230 pastum
596 3167 635 3216 in·
673 3169 741 3216 simo
764 3173 855 3217 monte
875 3175 946 3228 ernt;
967 3171 1029 3219 inde
1048 3179 1140 3234 postca
1160 3175 1187 3222 in

118 3249 203 3302 terea,
218 3246 282 3294 dum
291 3251 403 3307 uterquc
413 3246 552 3307 crapulam
560 3244 636 3293 eder·
674 3245 828 3306 nequiorem
839 3245 929 3294 locum
947 3247 1066 3308 deposita
1083 3256 1139 3310 est,
1159 3255 1188 3298 ut

118 3323 201 3376 mitt,
222 3323 371 3372 iumentum
389 3323 522 3371 dimittit.»
673 3334 728 3369 non
748 3320 835 3369 solum
847 3321 900 3369 sint
911 3323 998 3372 adbuc
1014 3326 1128 3385 vestigia
1144 3339 1188 3373 nc-

492 3401 495 3405 '
673 3396 823 3446 dificiorum
840 3397 867 3444 in
885 3403 976 3447 monte
989 3401 1036 3447 sed
1054 3406 1079 3448 et
1098 3413 1187 3447 muro·

100 3483 101 3486 ’
153 3474 278 3525 21-28.
309 3460 470 3534 cerebrosus]
489 3475 569 3523 homo
585 3474 635 3523 ire·
673 3487 760 3522 rum.»
781 3472 884 3524 Ponrn.
904 3497 935 3508 -·
953 3473 1060 3534 Abour]
1088 3487 1186 3524 nomeu

119 3553 225 3612 cundus
235 3556 314 3613 utque
323 3551 469 3608 irritabilis,
485 3551 535 3599 ein
545 3549 635 3614 ilitu-
676 3550 801 3598 Volscum
833 3550 995 3598 Terracinae
1025 3550 1059 3597 ed
1089 3550 1186 3598 ostium

13 3647 14 3658 ¹
105 3627 246 3692 -uopp-
261 3624 344 3688 dotat]
364 3627 507 3690 «percutit,
521 3626 634 3684 caedit»
673 3624 784 3674 Ufentis.
819 3624 844 3674 Α
872 3625 1043 3687 FuroAppii
1072 3626 1187 3674 distabat
1213 3619 1218 3625 ’

43 3709 48 3716 ’
119 3712 150 3753 ιιι
177 3717 227 3754 nos
257 3705 325 3754 eliis·
344 3704 426 3766 tropis
460 3701 634 3750 uurcbdre-
672 3699 728 3750 XX.
751 3702 808 3750 mil.
833 3713 903 3760 pass.
926 3723 955 3736 -
983 3698 1114 3760 cocceius]
1140 3702 1185 3750 Est
