2658 4128
138 137 255 207 130““
317 206 330 247 Ι,
505 161 645 207 ncnnru
671 160 871 229 summanum
916 161 918 166 ·

133 299 315 383 Exciperet
330 299 496 380 dominus,
518 317 589 364 cum
606 297 778 364 venderet.
806 298 882 362 Hoc
897 315 1027 382 quoque
1040 297 1164 386 vcigue

131 417 340 504 Chrysippus
361 420 455 504 ponit
477 418 622 484 iecunda
642 419 675 480 in
697 421 800 505 gente
821 417 970 482 Meneni.

130 540 296 621 Iuppiter,
319 541 474 624 ingentes
497 539 552 620 qui
573 536 633 600 das
653 534 834 618 adimisque
857 535 1005 616 dolores,

129 656 246 722 Mater
267 659 314 720 ait
336 659 429 740 pueri
452 673 582 728 menses
604 658 665 718 iam
689 656 831 738 quinque
844 655 1021 735 ,cubantia

85 797 87 802 ’
131 776 268 862 Frigida
290 778 318 838 ei
343 794 476 858 puerum
499 753 660 858 quartana
682 775 867 856 reliquerit,
889 775 946 838 iilo
1144 768 1208 847 etio

53 907 69 934 ’·
130 895 234 960 Mune
257 895 325 978 die,
349 871 472 978 quotu
494 893 612 958 indicis
633 895 772 978 ieiunia,
794 891 903 956 nudus

131 1017 170 1080 ln
193 1015 304 1101 'liberi
326 1015 440 1080 stabit.
481 1010 589 1078 Casus
610 1011 800 1078 medicusve
821 1011 944 1078 ioverit
1008 1049 1012 1054 -

131 1135 281 1222 Aegrum
304 1151 346 1199 ex
368 1135 561 1217 praecipiti,
582 1135 689 1196 mater
710 1130 814 1196 deiira
835 1133 969 1198 necabit

129 1253 169 1317 ln
191 1254 304 1338 gelida
325 1251 422 1316 fixum
444 1253 517 1334 ripa
539 1251 721 1334 febrimque
743 1250 891 1316 reducet.

129 1371 247 1453 Quone
268 1374 352 1438 maio
376 1374 517 1436 mentem
539 1361 729 1436 concussa?
750 1369 882 1434 'iimcre
905 1368 1050 1460 deorum.
1145 1365 1205 1428 995

127 1493 222 1556 Haec
243 1490 319 1554 mibi
340 1485 539 1572 Stertinius,
561 1489 746 1572 sapientum
769 1491 927 1574 octavus,
948 1492 1054 1556 amico

126 1611 234 1675 Arme
254 1609 361 1695 dedit,
382 1608 524 1692 posthoc
545 1626 588 1671 ne
610 1608 829 1691 compellerer
848 1607 982 1672 inuitus.

127 1716 259 1800 Dixerit
279 1731 429 1794 insanum
452 1729 505 1810 qui
527 1745 595 1809 me,
617 1725 753 1792 totidem
776 1725 889 1790 audiet
910 1731 1011 1812 atque

54 1871 63 1888 ·
124 1847 307 1932 Respicere
329 1849 447 1933 ignoto
469 1844 577 1909 discet
600 1844 779 1928 pendentia
801 1848 908 1932 tergo.

60 2011 64 2016 .
841 1995 855 2018 α
1169 1997 1172 2004 ·

122 2044 213 2090 mente
231 2044 339 2099 ceptum
358 2051 449 2087 essee»
488 2038 560 2098 «Qui
582 2049 644 2087 ven·
682 2037 870 2099 interrogatio,
897 2043 927 2087 ut
945 2037 1000 2089 Set.
1022 2039 1054 2099 9,
1076 2039 1111 2096 9,
1134 2041 1199 2090 ior:
1262 2084 1268 2096 ,

121 2117 188 2166 dunt
198 2116 342 2176 mancipia,
352 2115 440 2164 scient
448 2116 499 2164 boc
509 2115 642 2163 adiicere:
680 2122 780 2164 merae.
800 2141 832 2152 -
858 2116 961 2165 Timore
989 2115 1110 2188 deorum]
1139 2114 1204 2180 (dee-

121 2191 227 2242 SANUS
257 2191 410 2240 CORPORE
435 2192 483 2240 ET
503 2189 642 2241 Anime.»
681 2189 1203 2259 cedaenoetcp)uiiquereiiciendo.ccm

122 2267 227 2320 Poura.
245 2291 276 2304 -
293 2265 406 2330 umes]
425 2269 507 2318 bomo
520 2268 641 2329 incanus,
681 2268 807 2320 tendetur
824 2276 906 2320 metae
922 2271 1043 2332 mmmm,
1064 2276 1094 2320 ut
1109 2271 1202 2320 birine

122 2352 187 2396 tunc
211 2347 337 2397 omnibus
361 2348 432 2396 bene
456 2351 546 2396 notae.
587 2347 644 2396 bie-
680 2345 764 2406 994.
784 2347 818 2396 de
836 2347 1005 2407 Hannibei03
1024 2348 1111 2398 actiae
1126 2349 1203 2398 mm

122 2425 220 2475 nmine
229 2425 346 2488 ineptiae
353 2423 381 2474 in
390 2425 562 2486 proverbium
571 2424 643 2474 cbie·
679 2430 770 2484 metu,
790 2423 891 2475 uellem
903 2426 944 2473 iae
957 2425 1109 2486 iercbdem,
1126 2425 1203 2474 nette

121 2508 196 2562 rent,
217 2509 284 2553 teste
301 2502 442 2554 rosum.
679 2501 782 2564 reitpto.

156 2580 313 2630 289-295.
338 2575 466 2641 cubantis]
487 2583 643 2639 «aegrotem
714 2577 862 2627 999-999.
900 2576 1022 2640 ootccce]
1042 2579 1156 2639 comice,
1172 2583 1201 2628 ut

121 2657 281 2713 rapuisse.
292 2659 317 2717 1,
325 2659 351 2716 c,
362 2657 404 2706 18.
415 2656 642 2719 Loquitureutem
680 2655 774 2706 iuven.
793 2656 826 2714 9,
844 2655 894 2704 to:
924 2655 1024 2704 Tertteu
1041 2670 1053 2705 e
1070 2657 1142 2706 eceic
1158 2656 1201 2705 de·

121 2735 155 2785 de
167 2735 328 2786 muliercule
340 2733 499 2804 σεβομένῃ,
517 2741 642 2784 metuente
679 2733 741 2781 cidit
757 2733 837 2790 Gcto,·
856 2736 930 2793 graie
946 2738 1040 2783 contra
1052 2733 1200 2796 hyperbole

120 2814 180 2873 det,
195 2810 249 2874 ’(ιη
270 2826 332 2862 ecee
349 2808 512 2872 tocitebent)
541 2812 567 2860 id
585 2817 639 2872 eet,
679 2809 790 2871 Seppbc.
801 2809 911 2870 Graccis
929 2814 970 2858 est
986 2810 1091 2859 decime
1108 2810 1198 2861 Musa.

122 2891 256 2954 proselyta
274 2889 471 2952 superstitionis
497 2889 638 2948 iudaicae,
679 2907 711 2922 ··
723 2883 906 2960 compellerer]
927 2900 978 2935 cue
991 2887 1129 2936 iniuriosis
1139 2899 1199 2937 vem

120 2965 638 3027 veietiemieiecumcuitumempiexa.
678 2964 719 3012 bie
743 2977 787 3014 me
811 2959 983 3026 adorirentur
1007 2964 1092 3026 iniqui
1115 2965 1199 3014 mci.»

123 3041 639 3104 -tticiticnedte]dieigituriovie‚quc
679 3065 708 3076 -
739 3037 860 3101 totidem]
890 3046 976 3103 «quoi
1000 3041 1046 3090 iiie
1067 3043 1135 3090 mibi
1159 3043 1200 3090 iu·

120 3121 245 3168 homines
270 3119 430 3178 orientales,
459 3120 569 3177 ludaei,
588 3119 640 3168 Ac·
678 3119 790 3177 cesserit
802 3120 884 3168 verba
897 3120 1031 3169 insaniem
1045 3120 1199 3181 significen-

120 3197 349 3258 gyptiiieiunium
369 3209 476 3246 serrare
498 3200 525 3244 ci
543 3197 571 3244 in
592 3195 639 3244 tiu·
677 3197 731 3245 tie:
757 3197 866 3255 insane,
886 3197 987 3257 deiire,
1009 3196 1115 3248 cerrite'
1128 3204 1196 3257 cet..

120 3273 238 3322 minibus
260 3273 385 3334 expiandi
406 3285 434 3321 ee
455 3277 482 3322 et
505 3272 638 3334 purgandi
677 3273 787 3322 totidem
799 3288 894 3323 rursus
905 3287 1040 3335 regerem.
1077 3275 1121 3324 Sic
1134 3288 1197 3324 eum

119 3363 201 3400 cause
219 3351 304 3400 levari
325 3351 456 3400 sciebant.
482 3373 512 3386 -·
540 3346 638 3411 Carsu]
677 3350 779 3399 docebo
800 3364 848 3400 eur
870 3353 953 3413 ipsius
973 3353 1037 3403 viiie
1062 3353 1197 3414 respicere

121 3428 193 3478 «Etsi
202 3429 315 3478 tortasse
325 3441 403 3477 cesus
411 3429 566 3477 medicusve
575 3442 639 3490 pue·
676 3432 756 3488 etque
770 3441 943 3489 agnoscere.»
967 3429 1196 3482 Nomensebeila

119 3519 180 3554 rum
202 3519 234 3554 ex
254 3506 324 3556 vitee
340 3504 461 3566 periculo
481 3503 637 3564 eripuerit.»
676 3501 810 3566 Aesopia,
838 3505 904 3554 duae
922 3521 1000 3569 perae
1020 3520 1043 3556 s.
1064 3507 1196 3556 manticas

117 3601 149 3620 -
167 3590 199 3629 ‘em
215 3578 372 3642 praecipiti]
398 3581 441 3629 Sic
458 3579 540 3639 vcigc
557 3581 652 3629 etiem
675 3581 753 3630 uobis
767 3595 826 3631 esse
838 3583 932 3641 detes,
947 3595 1030 3631 unam
1046 3597 1061 3631 e
1075 3589 1193 3644 pectore,

118 3656 316 3717 loquebantur,
336 3669 387 3705 nec
403 3657 549 3718 quidquem
569 3657 638 3706 inest
675 3657 787 3707 eicerem
801 3673 816 3708 e
828 3664 903 3720 tergo
913 3672 1087 3720 ruspensem
1105 3661 1133 3708 in
1147 3661 1193 3710 iiia

119 3733 219 3792 poetici
230 3733 373 3782 sermonis.
386 3755 416 3768 -
427 3731 525 3794 mone]
539 3734 637 3796 duplex
675 3736 764 3785 aliene
779 3737 856 3796 uitia,
876 3735 905 3785 in
917 3737 968 3784 hec
979 3736 1088 3799 proprie
1107 3749 1193 3786 aseer·
