2658 4128
489 168 792 236 urstisium.
941 121 946 128 A
1103 165 1181 235 rit

6 331 7 378 3
103 328 206 418 Soio,
228 329 408 405 nituerint,
429 343 550 412 pereas
571 327 650 412 quin
670 327 821 415 fordter,
842 325 974 392 attan:

104 450 210 532 Quem
231 450 319 514 mala
338 449 480 514 stultitia
502 450 537 511 et
559 465 784 532 quemcunque
806 449 939 512 inscitia
960 447 1033 512 veri
1078 459 1085 468 ·

104 571 248 635 caecum
268 569 357 655 agit,
377 568 527 640 inunum
548 561 729 651 Chrysippi
751 569 901 651 porticus
922 570 957 630 et
977 584 1063 654 grex
1167 562 1172 574 '

104 689 277 754 Autumat.
311 687 579 773 Haeovpopuiom
602 685 840 774 baeo‘magnos
855 687 995 751 formula
1009 703 1119 774 reges,
1141 681 1181 743 45

104 807 259 891 itixoepto
282 807 451 892 sapiente,
473 775 581 870 tenet
608 804 706 871 Nune
727 808 860 890 accipe,
883 823 986 890 quare
1093 829 1099 838 ·

105 928 283 1010 Desipiant
306 942 421 990 omries
441 943 548 1010 aeque
570 929 686 1014 netu,
710 927 765 1010 qui
787 927 846 992 tibi
868 943 987 990 nomen

108 1049 234 1112 Insuno
256 1063 409 1131 posuere.
452 1043 553 1108 Velut
575 1045 688 1127 silvis,
707 1047 764 1111 ubi
787 1047 908 1128 passim

107 1167 268 1233 Potentes
289 1185 384 1230 error
405 1169 499 1232 oerto
520 1163 562 1229 de
585 1166 717 1229 tramite
738 1163 849 1248 petiit,

107 1289 169 1352 itte
190 1288 438 1368 sinistrorsum.
453 1285 507 1350 hie
528 1284 738 1352 dextrorsum
758 1285 843 1368 abit3
865 1303 950 1349 unus
971 1288 1101 1374 utrique
1144 1283 1185 1346 to

108 1408 229 1492 Error,
251 1406 318 1472 sed
332 1408 437 1470 vanis
456 1393 565 1470 illudit
585 1405 752 1488 partibus:
774 1387 838 1472 hoo
860 1410 895 1470 te

108 1527 217 1594 Crede
240 1525 335 1592 modo
357 1528 525 1609 insanum,
547 1524 649 1590 nihilo
671 1529 708 1590 ut
730 1527 913 1609 sapientior
934 1528 1002 1601 ilie.

110 1645 173 1728 ssui
196 1651 230 1712 te
252 1645 398 1731 deridet,
419 1645 558 1712 caudam
580 1643 703 1708 trahat.
745 1644 810 1710 Est
830 1665 939 1734 genus
960 1665 1058 1710 unum

112 1761 285 1834 Stultitiae
307 1765 441 1829 nibilum
461 1755 639 1830 ‘metuenda
663 1765 824 1847 timentis,
846 1769 882 1828 ut
904 1765 1018 1854 ignes,
1050 1757 1052 1764 ’

6 1949 7 1970 ἢ
111 1885 157 1953 Ut
177 1905 281 1970 rupes
302 1885 486 1968 fluviosque
508 1887 542 1948 in
564 1880 688 1970 Campo
712 1886 846 1950 obstare
868 1888 1046 1968 queratur:
1145 1884 1185 1946 55
1286 1871 1290 1882 ’

7 2161 8 2176 ’
112 2153 198 2204 dietus
211 2159 252 2202 est
269 2151 421 2201 aliubrteio
439 2150 551 2200 consule
567 2163 631 2199 oon·
667 2145 718 2210 ao]
745 2147 778 2198 tit
799 2149 863 2198 oiim
881 2151 1072 2202 nominabatur
1090 2153 1190 2206 Merea-

112 2233 208 2292 ditore‚
224 2232 270 2293 qui
282 2243 356 2280 nune
365 2230 499 2292 Lapideus
509 2229 631 2278 nomina·
668 2229 738 2287 rtur,
768 2227 806 2276 sic
822 2242 894 2277 nune
914 2230 992 2292 inops
1015 2230 1101 2281 sactus
1118 2236 1189 2285 tmo-

112 2317 170 2366 tur,
196 2311 305 2358 innotus
330 2308 435 2356 insulae
459 2307 630 2356 Tiberinae.»
668 2317 727 2358 aas.
747 2303 847 2356 Cim¹
867 2307 928 2356 297.

113 2388 204 2439 Gonu.
225 2386 273 2436 Cu.
293 2386 370 2436 Nono
386 2391 466 2447 ponte
482 2386 510 2433 dt
525 2389 632 2447 qoottro

112 2467 182 2527 aaut.
206 2484 236 2500 ⁶-
253 2463 320 2513 mals
332 2459 370 2525 re]
392 2461 535 2511 «familiari
548 2461 662 2510 admi-'
704 2461 833 2511 51-50.
878 2457 1014 2523 partibus]
1052 2463 1190 2530 «Uterque

114 2535 248 2600 uberate,
279 2553 342 2590 cum
372 2541 566 2589 desomnem.»
601 2561 631 2572 -
671 2539 771 2602 pariter
787 2543 871 2596 errat,
893 2539 938 2588 sad
958 2539 986 2588 iu
1004 2553 1036 2588 eo
1055 2541 1192 2598 dumtaxat

114 2625 230 2683 operto·
242 2615 341 2679 eundo]
359 2622 390 2666 ut
410 2617 532 2667 solebant
553 2618 634 2667 inter-
671 2617 838 2678 discrepant,
859 2617 931 2678 quod
949 2617 1068 2666 diversas
1086 2621 1113 2668 in
1124 2633 1191 2684 'pur-

115 2700 179 2748 dum
205 2695 368 2746 moribundi.
398 2719 427 2732 ·-·
449 2691 554 2757 dmm]
574 2707 635 2757 pro·
672 2701 711 2744 tes
728 2708 743 2743 a
760 2693 953 2744 reototrumite
972 2695 1110 2755 abeuut;»
1131 2701 1191 2749 sine

116 2773 211 2838 pitius,
248 2774 323 2826 reiut
349 2770 420 2835 θεὸς
457 2771 564 2842 σωτήρ.
601 2793 635 2806 -
672 2771 807 2833 imagine:
829 2771 952 2821 «diverso
971 2772 1079 2834 quidem
1093 2777 1189 2838 modo,

8 2851 9 2912 ᾖ
117 2852 206 2918 Coos]
238 2851 407 2904 «Notandum
435 2849 480 2900 ΥΕ
505 2849 634 2914 syllabam
673 2851 720 2900 sed
736 2863 822 2913 aeque
836 2849 928 2898 errant
939 2847 1013 2897 stulti
1026 2864 1189 2902 omnes.»-

9 2959 10 2966 κ
115 2934 226 2983 brevem
252 2943 325 2990 esse,
357 2941 519 2992 quamquam
541 2941 636 2976 sacun-
673 2929 718 2978 boc
727 2923 883 2986 ta-modo]
903 2925 1019 2975 retertur
1030 2928 1063 2976 ad
1077 2943 1102 2980 v.
1112 2929 1191 2980 votat.

116 3012 167 3061 dae
187 3015 228 3058 est
247 3007 459 3069 commotionis,
479 3010 510 3055 ut
528 3005 635 3055 Persius
675 3029 705 3040 -
725 3007 836 3055 noudum
858 3001 968 3066 trabat]
999 3019 1072 3055 non:
1106 3013 1194 3058 atam.

118 3087 155 3153 (1,
168 3085 433 3151 totiaiotdabrerem
443 3084 633 3148 posuitubea:
674 3097 754 3148 quam
774 3087 854 3144 bosna
874 3089 904 3132 ut
919 3085 1028 3146 exponit
1053 3085 1143 3137 Aorou
1168 3093 1195 3140 et

115 3161 374 3230 -pudor-mulot]
389 3163 482 3222 falsus,
493 3162 634 3214 dudmala.
674 3165 744 3220 Fen:
765 3163 830 3211 sed:
851 3161 960 3211 «Solent
978 3163 1055 3224 pueri
1073 3165 1196 3226 petulan-

151 3244 282 3296 tr-ts.
317 3239 448 3304 portiom]
480 3237 555 3290 arod
576 3251 637 3290 ποι·
674 3246 714 3290 tes
731 3241 913 3289 nescientibus
933 3237 1060 3302 (maxime
1080 3243 1196 3294 bomini·

116 3323 183 3387 κιλη
198 3320 328 3380 Athenis,
348 3321 376 3368 iu
396 3331 450 3380 qua
477 3318 548 3366 zano
568 3318 638 3367 eius·
675 3314 1196 3382 bostonus)atergocauuamsuspen-

118 3413 171 3464 que
187 3409 356 3449 successoros
374 3397 532 3446 docuerunt.
549 3417 579 3431 -··
593 3409 639 3444 au·
676 3397 754 3455 dere,
775 3400 804 3444 ut
818 3394 892 3445 velut
910 3408 992 3456 pecus
1014 3399 1127 3446 caudam
1145 3403 1198 3448 tra·

119 3475 552 3538 tumut]«afflrmat,dioit;nnona
567 3474 640 3534 aopi·
676 3477 769 3524 bant.»
795 3473 900 3524 Ponam.
929 3493 961 3509 ·-
988 3475 1074 3536 tanes,
1094 3501 1105 3510 -
1121 3479 1198 3538 rupes

119 3561 216 3615 natur,
236 3559 366 3610 denset.»
394 3553 449 3603 Cir.
468 3552 538 3601 Geii.
554 3553 597 3612 15,
612 3551 638 3600 3.
676 3549 829 3618 fluuiosque]
851 3551 946 3601 modus
957 3553 1150 3612 proverbialis,
1170 3560 1199 3604 ut

65 3649 72 3664 ,
121 3659 152 3672 -
180 3630 314 3696 smmuta]
346 3645 388 3694 pr.
419 3643 529 3678 carmen
557 3629 638 3690 tagis,
679 3631 733 3680 Sat.
759 3629 911 3689 1‚1,³a.
949 3627 1017 3691 Epp.
1040 3630 1072 3688 1,
1099 3631 1131 3690 1¹,
1153 3631 1214 3680 dd.⁸

118 3715 147 3764 b.
168 3715 188 3762 i.
209 3711 344 3770 definitio,
363 3707 469 3758 κανών.
497 3731 527 3744 -
554 3703 638 3767 tenet]
681 3729 711 3744 -
738 3707 796 3756 bote
820 3703 929 3768 aarum]
963 3705 1062 3755 Solitus
1087 3707 1200 3757 Horatio

120 3791 284 3860 naariam
300 3787 497 3850 amplectitur.»
519 3807 549 3820 -
569 3786 643 3835 inso-
680 3783 877 3846 discrepantiae
891 3781 1005 3842 dativus,
1029 3783 1199 3850 utSat.1,d‚

207 3892 296 3926 nonan.
320 3889 364 3923 nn.
379 3887 434 3920 urin.
460 3887 515 3920 vot.
531 3887 559 3923 rr.
675 3892 690 3926 χ
1017 3866 1036 3925 8
