2500 4110
451 219 517 270 LIB-
541 223 563 268 l·
606 223 658 268 01).
682 225 716 270 il·

156 357 241 430 Sive
262 363 391 428 mutata
418 335 573 430 iuvenem
593 362 700 450 ligura
790 376 793 385 ·

157 485 301 550 Alesia
323 484 425 548 terris
448 483 604 571 imitans,
629 485 736 550 ulmae

156 605 265 671 Filius
287 605 419 694 Maiae,
440 607 573 691 patiens
590 607 707 672 vocari

328 722 485 794 Caesaris
506 727 615 792 ultore

155 841 264 914 Serus
285 852 320 914 in
345 849 472 915 eaelum
496 848 617 914 redeas
639 849 760 934 diuque

156 970 286 1036 Laetus
307 971 442 1034 intersis
461 970 585 1055 populo
609 968 755 1052 Quirini,

156 1091 255 1158 Neve
276 1095 313 1157 tc
331 1091 457 1166 nostris
478 1091 571 1157 vitiis
590 1093 736 1178 iniquum

330 1211 433 1280 Ocior
458 1231 541 1278 aare

155 1335 281 1402 Tollat.
322 1335 389 1402 llic
407 1353 549 1424 magnos
566 1336 680 1422 potius
702 1335 902 1421 triumphos,

154 1458 224 1524 Hic
243 1474 335 1522 umes
355 1455 424 1524 dici
437 1459 536 1542 puter
556 1461 657 1544 utque
682 1459 856 1544 princeps,

154 1579 235 1646 Neu
259 1580 350 1644 sinas
375 1577 500 1645 Medos
522 1581 671 1665 equitare
693 1579 818 1644 inultos

331 1699 381 1766 'l'c
405 1699 507 1788 duce,
533 1695 670 1767 Cacsar.

41 1857 67 1922 1,
79 1859 128 1911 tor
133 1875 141 1912 t
156 1873 240 1925 pentes
253 1854 556 1924 amovimmMarsoss)
595 1856 717 1909 mulam:
743 1857 857 1920 populus
878 1857 1010 1908 liontaaas
1031 1857 1118 1922 Quiri·

38 1939 103 1989 lant
120 1941 208 2002 (ligna
224 1943 283 1988 erat
296 1938 467 1999 coniectura,
488 1951 558 2002 quae
595 1941 670 1988 tiam.

38 2019 361 2079 totssuloresinveniret,
380 2031 443 2067 cum
454 2019 557 2070 Marso·
628 2018 674 2070 et.
693 2013 826 2082 iniquam]
846 2018 956 2069 iratum.

37 2113 88 2148 rum
108 2099 231 2148 otiosum
250 2110 360 2160 prorsus
375 2101 446 2147 esset
462 2095 558 2148 aztse·
629 2099 674 2148 ts,
695 2094 786 2159 Ocior]
807 2112 888 2160 quum
901 2099 980 2148 uoltis
997 2099 1026 2148 in
1043 2104 1120 2162 opta-

37 2193 82 2230 wv
96 2180 209 2242 peditis.
594 2179 627 2228 tis
641 2184 690 2228 cst.
711 2177 785 2239 virg.
797 2177 896 2240 Georg.
911 2179 941 2238 1,
956 2179 1021 2228 500:
1041 2179 1119 2229 llatae

63 2253 262 2318 1111111111]
288 2257 345 2308 xt.
365 2262 456 2307 tamen
470 2269 557 2306 annos
594 2259 686 2308 saltem
717 2270 803 2306 everso
829 2259 945 2306 tatanem
972 2271 1119 2308 accurrere

37 2344 130 2388 autum.
143 2359 177 2373 -
188 2332 312 2397 matuta]
325 2329 403 2398 εἶδος
410 2330 556 2400 ἀμείψας.
593 2338 677 2388 saeclo
699 2337 735 2388 Ne
752 2337 896 2398 prohibete.

63 2417 104 2467 11.
130 2411 205 2476 ales]
230 2413 411 2476 cogitandum
433 2415 466 2464 tle
485 2415 557 2465 Mer·
628 2417 674 2467 ts.
701 2412 793 2478 tollat]
821 2416 849 2464 in
874 2415 980 2466 caelum
1009 2411 1126 2466 evellat.¹

37 2496 93 2545 curii
101 2495 238 2545 talaribus
253 2499 333 2556 atque
346 2493 397 2542 ulis
409 2494 438 2542 in
451 2499 554 2556 petaso.
596 2520 626 2531 -
636 2491 793 2557 triumphos]
804 2495 841 2544 Er
849 2496 976 2547 universa
985 2495 1118 2544 sententia

37 2574 123 2625 iliram
148 2573 297 2639 permultis
319 2578 360 2622 est
378 2572 481 2631 visum,
508 2586 557 2622 our
595 2574 759 2624 eliciendum
778 2589 805 2624 v.
827 2589 902 2638 opas.
939 2574 1004 2624 Tres
1026 2580 1118 2624 autem
1241 2635 1242 2642 ἵ

38 2653 135 2705 ultimae
156 2658 254 2718 partes
270 2650 386 2713 Augusti
405 2652 447 2701 dei
467 2651 555 2702 torma
594 2659 696 2716 egerat.
735 2655 808 2704 Suet.
828 2653 887 2703 Oct.
907 2653 951 2703 22.

40 2732 155 2784 liomsnis
176 2729 393 2782 commendandi
413 2732 555 2783 mandatae
628 2735 672 2784 50.
704 2733 785 2783 Pater
811 2735 919 2795 patriae
948 2733 1059 2782 demtum
1090 2749 1116 2784 1.

40 2811 80 2863 siut
97 2811 258 2870 Mercurio,
282 2824 345 2859 cum
365 2809 412 2858 illo
434 2809 556 2874 Apollini
593 2828 621 2862 u.
637 2827 661 2862 c.
683 2813 744 2862 752.
767 2812 875 2875 publice
895 2811 1047 2876 appellatus
1065 2815 1115 2862 est.

40 2893 112 2953 potius
125 2907 156 2944 se
170 2889 366 2941 assimilasset.
387 2887 438 2937 Sed
451 2889 556 2939 Mercu·
593 2893 716 2954 Princeps
734 2896 827 2941 contra
845 2891 874 2940 iu
889 2897 962 2940 sexto
975 2892 1118 2941 consulatu

7 3033 8 3038 Ἰ
40 2972 134 3023 riusest
151 2977 181 3023 et
198 2964 342 3034 ἀκάκητα
362 2972 442 3030 atque
461 2965 557 3038 e'pcov'-
594 2969 1117 3034 1.726..119111111.727.01111111.

41 3065 88 3112 νιος
96 3057 122 3102 ct
130 3049 255 3117 λόγιος,
275 3048 412 3109 simulque
422 3047 556 3096 scelerum
594 3049 625 3109 2,
649 3049 717 3099 tte:
740 3050 784 3098 Vis
804 3050 851 3098 tibi
875 3045 1015 3111 (Romulo)
1036 3055 1118 3112 pcata

40 3131 159 3192 expiator,
179 3125 378 3178 dissidentium
396 3125 556 3196 conciliator
593 3129 659 3191 suin·
679 3127 773 3193 {locent
789 3128 834 3176 sab
855 3127 965 3176 Caesare
978 3128 1057 3190 tepea:
1079 3128 1118 3175 Tu

41 3212 61 3256 et
73 3209 245 3272 pacificator,
265 3206 397 3266 interpres
412 3205 556 3254 hominum-
593 3208 693 3256 tloms'm'
713 3221 820 3263 nomen,
840 3208 967 3270 principis
981 3206 1025 3256 ille
1038 3213 1115 3256 terret.

41 3291 223 3350 accusansque
244 3281 388 3346 (Aen.10‚
405 3279 478 3346 175).
497 3283 556 3333 Hoc
595 3287 661 3336 Tac.
678 3284 751 3334 Ann.
766 3287 796 3346 1,
814 3287 844 3335 1:
867 3309 898 3320 -
915 3284 1008 3335 Oratio
1029 3286 1057 3334 iu
1074 3287 1117 3336 his

42 3365 104 3417 licit:
130 3367 196 3416 «Tu
217 3364 301 3414 uobis
327 3377 384 3412 non
413 3363 502 3412 sulum
527 3377 555 3413 cs
594 3366 631 3416 itu
652 3369 802 3427 temperata
823 3368 877 3424 est,
902 3369 940 3428 pt
959 3365 1067 3427 utrique
1091 3372 1118 3417 et

42 3445 137 3508 Alt⁰ll⁰‚
155 3445 206 3496 sed
220 3443 306 3492 etiam
318 3441 502 3495 Mercurius.»
594 3444 730 3496 Mercurio
748 3449 774 3492 ct
790 3442 912 3504 Augusto
931 3445 1086 3495 conveniet.

7 3583 8 3590 χ
67 3525 106 3576 ts.
130 3523 277 3578 Notandus
298 3521 482 3574 nominativus
508 3535 556 3586 pro
629 3523 672 3572 51.
692 3518 798 3582 Medos]
821 3522 926 3571 Parthis
944 3537 977 3572 eo
994 3527 1117 3587 ternpore

7 3593 9 3694 j
44 3606 159 3656 amatim.
595 3601 697 3651 bellum
708 3600 807 3650 interne
821 3601 955 3662 cogitabat
967 3600 1115 3662 Augustus.

7 3695 9 3742 l
69 3683 107 3733 lt.
133 3683 238 3747 populo
260 3677 384 3744 01111111]
412 3679 456 3731 Sic
478 3674 555 3742 (nou,
595 3681 689 3730 Omnis
720 3681 831 3730 illorum
858 3681 898 3732 vis
933 3681 961 3728 in
996 3680 1116 3741 equitatu

7 3757 9 3780 ⁵
46 3767 67 3810 ul
83 3763 179 3812 habeat
204 3759 293 3811 Cotltl.
316 3760 399 3824 aliq„
435 3755 556 3821 Quirino)
595 3764 670 3818 erat,
703 3773 756 3823 quo
781 3771 862 3820 saepe
890 3756 1060 3807 incursiones
1089 3757 1116 3805 iu

7 3839 9 3900 ὲ
47 3843 123 3901 poetae
135 3841 317 3892 imitabantur
329 3839 490 3890 sollemnem
505 3837 557 3888 lor·
595 3837 698 3900 Syriam
717 3837 861 3886 iaciebant.
