2644 4114
96 141 177 212 344
482 145 626 203 acuarit
642 143 782 191 uacuos.
815 147 822 158 ·

220 296 292 362 Aut
312 293 416 358 berba
437 287 564 373 lapathi
586 287 684 370 prata
705 282 847 356 amomis
865 283 903 344 et
922 280 1040 366 mi.

262 413 402 478 Malvae
423 409 575 474 salubres
597 404 729 486 corpori

222 533 286 598 Vel
307 547 397 619 agno
418 529 515 592 iestis
536 542 638 590 caesa
658 519 900 595 Terminalibus

264 652 329 715 Vel
349 645 477 712 haedus
498 644 634 726 ereptus
655 640 745 722 lupo.

221 769 293 832 Hes
314 768 401 856 inter
423 762 539 844 epulas
561 751 599 823 ut
619 759 713 824 iuvat
735 760 851 839 posius
872 773 972 819 eree.
1003 800 1007 811 .

262 882 385 949 Videre
409 882 629 966 properantes
651 871 796 957 domum,

116 1052 118 1056 s
208 1003 345 1068 ‘Videre
368 1002 478 1064 fessos
501 1015 665 1061 vomerem
687 999 854 1058 inversum
876 969 990 1056 boues¹
1034 998 1038 1007 '

265 1097 362 1187 Colla
383 1118 555 1181 trabentes
575 1113 753 1198 languido,

224 1241 422 1322 positosque
444 1251 583 1314 vernus,
605 1229 683 1292 ditis
700 1245 838 1292 examen
860 1225 991 1308 damus,
1034 1234 1041 1248 ¹

266 1347 394 1422 Circum
417 1351 608 1418 renidentes
629 1349 744 1412 Lares

225 1480 319 1542 llaec
340 1477 396 1540 ubi
417 1475 548 1537 lacertus
569 1468 741 1532 feneretur
762 1463 888 1543 Albus,
919 1513 925 1520 .
1027 1469 1029 1474 '

111 1621 116 1629 ’
166 1669 172 1678 .
213 1635 216 1642 .
269 1593 338 1656 Iam
362 1590 424 1652 iam
446 1587 576 1649 iuturus
597 1585 757 1665 rusticus,
1045 1583 1048 1590 '

134 1785 257 1838 sr-oo.
305 1775 430 1844 lapathi]
466 1769 618 1832 identat,
658 1775 760 1824 toribus
773 1773 927 1836 appellatis,
947 1772 980 1821 od
994 1773 1056 1821 ldus
1073 1772 1179 1821 solven-

100 1863 348 1925 Soaerampser,
367 1870 459 1906 ramea
467 1854 568 1904 Latinis
581 1853 620 1900 di·
658 1853 720 1902 dam
738 1853 789 1902 sibi
811 1856 887 1901 curat
907 1860 1017 1901 omnem
1034 1849 1178 1912 pecuniam

99 1943 178 1991 citur.
202 1965 229 1975 -
257 1932 351 2002 pravi]
380 1947 478 1996 oaegro
503 1947 534 1982 ex
559 1929 620 1980 aluo
657 1929 745 1993 leuari
765 1931 874 1989 datam,
903 1943 956 1992 qua
975 1928 1085 1978 iamiam
1107 1931 1180 1975 emal

101 2009 517 2074 castaus-salsumqqula
530 2009 620 2060 alvum
656 2008 786 2070 praedia,
823 2007 870 2056 sed
901 2019 993 2056 rursus
1027 2003 1180 2059 simulatus

100 2094 236 2144 molliunt.
261 2111 297 2128 -
329 2085 536 2159 Terminalibus]
567 2099 635 2142 vn„
658 2085 788 2144 auaritia,
816 2085 922 2146 quaerit
943 2082 1072 2134 Kalendis
1093 2082 1179 2145 proxi-

99 2171 160 2221 Kal.
177 2169 257 2220 biart.
275 2163 330 2230 (23.
346 2164 438 2228 Febr.)
458 2164 536 2216 Ouid.
547 2164 619 2212 Fosi.
656 2162 840 2214 miscendam
857 2162 945 2212 leuari
958 2161 1037 2219 dare;
1059 2159 1126 2212 adeo
1140 2159 1179 2208 iu-

99 2250 131 2309 2,
150 2247 218 2297 655:
251 2245 392 2309 Sparpitar
413 2249 442 2294 ot·
458 2255 533 2292 caesa
554 2255 621 2290 aam-
657 2245 798 2298 coactans,
818 2244 848 2288 ut
860 2245 920 2302 post
932 2251 1032 2300 paucos
1045 2239 1102 2288 dics
1115 2249 1177 2286 cou-

99 2327 184 2374 mauis
198 2323 425 2386 Temaiauoapna,
446 2317 621 2382 Necpoorltar
657 2317 749 2366 silium
777 2318 959 2378 agriculturae
989 2317 1017 2364 iu
1043 2321 1178 2379 pastorum

101 2405 198 2452 lacteas
213 2403 270 2450 cam
285 2398 334 2446 sibi
348 2408 431 2458 porca
451 2395 540 2444 datter.
656 2394 824 2444 exercendae
848 2394 950 2444 denuo
978 2394 1116 2444 obiiciat.»
1148 2414 1180 2426 ·-
1223 2441 1231 2452 „

134 2479 179 2528 65.
198 2477 242 2526 tt.
279 2470 399 2534 Positos]
430 2470 621 2540 udiscumbcu·
658 2469 770 2535 redrpo‘t]
789 2470 1181 2536 roatperepacoaiameotreai·

100 2562 139 2605 tes
157 2555 191 2604 ad
210 2563 351 2600 coenum.»
388 2549 458 2596 Plin.
472 2543 516 2606 33,
538 2549 563 2608 1,
584 2547 618 2596 il:
658 2561 723 2610 pere
740 2549 773 2600 ad
789 2562 819 2597 se
838 2551 982 2612 pecuniam
998 2549 1180 2612 qualicunque

99 2631 176 2693 Apso
196 2630 317 2690 cariquc:
342 2625 438 2689 scapua
460 2625 621 2688 Marcipores
659 2625 738 2679 modo
753 2624 828 2676 liclia
848 2626 892 2678 vol
912 2639 947 2692 ex¹
965 2627 1045 2676 rebus
1065 2625 1181 2676 venditis

99 2707 267 2768 luciporesve
309 2704 473 2754 dominorum
515 2703 621 2766 perutiles
658 2702 715 2762 vel,
736 2709 765 2752 ui
780 2704 840 2762 bic,
858 2704 1056 2754 senoridatam.
1075 2704 1182 2768 Redapit

100 2797 200 2832 omnem
221 2783 317 2830 eiciam
335 2783 364 2829 ia
382 2779 530 2842 promiscuo
547 2779 621 2828 babe-
658 2785 749 2830 aulem
766 2780 855 2830 idibus
869 2795 931 2830 auur
949 2781 1027 2840 dicit,
1046 2780 1181 2842 intelliga-

100 2861 173 2910 bant.
195 2885 224 2897 —
245 2855 326 2919 ditio]
354 2854 455 2906 Tibull.
478 2857 503 2911 2,
526 2859 551 2916 1,
569 2857 619 2905 23:
659 2870 719 2906 uuas
736 2870 848 2908 necesse
868 2863 909 2908 esi
932 2857 1007 2919 prius
1030 2858 1181 2920 appellatas

100 2936 235 3000 Turbaque
263 2949 416 3000 aemulam,
453 2935 539 2981 satori
563 2933 622 2982 boae
659 2949 718 2988 esso
743 2936 893 2994 debitores,
925 2941 954 2984 ut
978 2949 1038 2988 eam
1056 2936 1089 2984 ad
1108 2936 1181 2984 diora

98 3017 175 3080 sipoa
197 3013 291 3061 calcat.
312 3035 344 3045 -
371 3005 497 3070 examen]
526 3009 622 3059 Orator
658 3013 796 3064 solverent
819 3014 963 3074 pecuniam
991 3019 1084 3063 mutuo
1109 3027 1181 3062 sum-

99 3091 132 3140 db
157 3089 275 3151 Harusp.
306 3101 377 3148 resp.
408 3088 457 3134 12:
489 3099 622 3134 aereorum
660 3095 743 3152 ptam.
779 3091 818 3138 Ex
834 3091 1019 3152 compluribus
1039 3091 1181 3140 automlo·

98 3167 239 3224 acmoniae,
268 3164 386 3224 imagine
407 3164 440 3211 ab
461 3163 555 3225 apibus
581 3177 622 3213 ro·
659 3167 698 3216 cis
720 3167 815 3217 merila
843 3167 1012 3228 colligimus,
1040 3169 1094 3216 uisi
1112 3167 1181 3216 sarie

69 3259 75 3268 “
99 3243 189 3306 potita.
210 3262 249 3276 -·
261 3242 363 3290 ciream
380 3239 448 3303 eet]
469 3242 532 3304 quia
545 3241 620 3292 loeus
658 3245 688 3292 in
705 3245 885 3306 chirographo
906 3249 979 3294 certa
997 3245 1054 3294 dics
1075 3244 1181 3297 solvon-

100 3322 128 3369 iu
150 3318 241 3368 modio
258 3318 324 3366 situs
342 3322 416 3377 erut,
444 3331 500 3368 uon
520 3321 554 3368 ad
576 3331 622 3381 pa·
659 3322 709 3370 dae
734 3323 864 3383 pecuniae
883 3323 1026 3372 constituta
1044 3321 1180 3381 ossei‚,in

99 3397 204 3446 rietem.
225 3419 257 3432 -
277 3393 435 3456 retamim]
464 3397 532 3459 «qni
557 3397 620 3448 tersi
659 3413 709 3454 usu
719 3399 821 3460 luisse,
840 3407 870 3450 ut
879 3415 928 3464 pra
938 3401 1097 3453 feneratoris
1107 3415 1180 3452 oom-

99 3480 162 3524 sant
185 3485 217 3523 ac
236 3472 351 3536 politia»
381 3475 621 3538 reimpebobote
659 3477 787 3528 moditate
804 3480 952 3530 secundum
967 3478 1119 3530 debitorum
1134 3494 1180 3543 ap-

90 3552 176 3604 .Vasa.
360 3587 367 3596 .
659 3555 833 3618 pollutionem
851 3559 984 3621 pecuniae
1002 3563 1029 3608 el
1049 3559 1179 3610 Kalendis

131 3628 254 3680 67-70.
299 3624 417 3690 locatae]
450 3629 547 3680 «llaec
573 3629 620 3680 ubi
658 3638 685 3682 cl
702 3635 786 3686 Nouis
804 3641 831 3686 et
849 3636 941 3688 Idibus
960 3638 993 3686 ab
1018 3651 1051 3688 oo
1076 3639 1180 3699 redige·

26 3717 27 3720 ’
98 3719 191 3754 seeum
209 3706 315 3754 locutus
339 3710 397 3755 erat
418 3705 519 3768 Allius,
547 3707 621 3760 debi·
658 3716 803 3764 realur.-
817 3712 943 3779 macrii]
964 3715 1188 3779 «circumspicit,'
