2562 4108
138 181 215 249 102
407 190 410 196 '
505 172 646 273 donaro
662 184 843 248 cuunruum

349 339 541 422 Ludumqrre
563 333 734 403 Fortunae
755 327 945 426 gravesque

388 457 579 542 Principum
601 461 763 522 amicitias
786 461 820 522 ct
842 473 932 522 orma
970 490 974 496 ·

305 661 458 728 Nondum
481 660 625 744 expiatis
647 663 748 724 uncta
769 659 965 743 cruoribus,

306 781 521 847 Periculosae
544 781 676 864 plenum
699 799 782 863 opus
803 779 914 858 aleae,

352 901 493 965 Tractus
515 904 549 964 et
571 899 697 964 incedis
718 919 779 982 per
800 900 897 986 ignes
970 945 972 950 -

394 1014 597 1103 Suppositos
619 1021 721 1084 cineri
744 1017 870 1082 doloso.

195 1181 214 1312 Α,
306 1220 457 1285 Paullum
480 1205 621 1286 severae
642 1219 745 1284 Musa
766 1217 962 1306 tragoediae
980 1233 985 1240 ·

306 1340 403 1409 Desit
426 1337 582 1404 theatris:
605 1359 681 1404 mox
703 1340 758 1404 ubi
780 1339 930 1428 publicas

193 1701 244 1750 Od.
264 1701 287 1749 1.
311 1713 350 1751 ·v.
370 1698 396 1749 5.
417 1699 499 1750 tincto
517 1698 565 1749 Bc.

141 1961 194 2009 tem
216 1960 316 2019 loliae,
344 1959 520 2009 ambitionem
540 1962 660 2011 aemula·
700 1962 731 2022 9,
754 1961 802 2013 13:
830 1962 965 2026 hostilique
985 1973 1098 2028 mouere
1117 1963 1225 2025 nmmos

140 2037 429 2100 tionemqueCaesoris
440 2043 466 2087 et
474 2039 597 2102 Pompeii
608 2045 660 2090 cet.
702 2041 765 2090 Tota
777 2054 877 2090 errrore.

142 2139 172 2150 —
189 2113 271 2178 vitia]
286 2115 384 2178 partim
397 2115 487 2164 Crassi
507 2117 536 2165 in
554 2117 662 2180 expedi·
735 2117 762 2166 6.
782 2113 869 2180 oleae]
890 2115 923 2166 de
945 2118 1046 2167 incerto
1063 2131 1094 2166 ac
1110 2116 1225 2168 fortuito

139 2194 214 2243 tione
234 2195 364 2244 adversus
384 2194 496 2244 Parthos
518 2199 661 2257 suscepta,
701 2199 799 2246 eventu
813 2195 930 2246 cuiusvis
949 2196 1064 2258 incepti,
1079 2201 1108 2245 ut
1126 2195 1226 2247 «lacta

141 2274 239 2336 partim
256 2273 378 2335 Pompeii
399 2272 510 2336 eiusque
533 2273 662 2336 partium.
701 2277 742 2322 est
759 2272 861 2320 aleam.
884 2273 949 2322 Ideo
973 2279 1064 2322 autem
1086 2273 1226 2334 periculo-

144 2375 174 2386 —
190 2348 290 2412 modos]
311 2351 391 2399 totius
411 2349 475 2399 belii
493 2356 626 2400 tenorem.
701 2363 761 2398 sum
778 2348 907 2398 Pollionis
921 2349 1074 2412 inceptum,
1097 2351 1160 2412 quia
1177 2352 1226 2403 vix

177 2429 203 2477 3.
231 2429 367 2490 laudumque
394 2425 544 2490 Fortunae]
575 2429 663 2479 varias
701 2427 851 2484 aiiierfiori
868 2432 986 2488 poterat,
1003 2441 1085 2490 quam
1102 2433 1131 2477 ut
1147 2430 1226 2478 hunc

139 2505 338 2557 vicissitudines
354 2504 557 2568 ludibriumque
570 2507 663 2555 Fortu·
701 2505 848 2564 velillum,
862 2504 932 2553 tilios
950 2518 1059 2568 quoque
1076 2511 1102 2554 et
1117 2507 1226 2554 amicos

97 2599 100 2606 ¹
141 2596 194 2632 nae
207 2583 368 2644 praesertim
382 2583 409 2630 in
423 2583 532 2632 inierim
547 2588 574 2632 et
585 2583 664 2633 Pom·
701 2595 809 2641 eorum,
837 2596 952 2650 quorum
970 2596 1086 2643 magnae
1103 2583 1131 2632 iu
1148 2584 1231 2632 bello

122 2660 196 2723 ‘peii
217 2664 243 2709 et
263 2659 396 2710 Caesaris.
416 2681 447 2696 -·-
468 2658 569 2724 arceas]
591 2662 662 2712 Vell.
701 2661 848 2710 domestico
870 2665 958 2722 paries
983 2660 1104 2720 inerant,
1138 2661 1226 2713 etism

142 2739 176 2797 2,
198 2737 247 2786 dli:
276 2738 386 2788 Comere
403 2738 505 2786 cornute
529 2735 567 2799 (a.
587 2753 615 2788 u.
637 2752 662 2789 o.
700 2752 764 2794 vero
775 2738 932 2800 simpliciter
944 2739 1077 2800 patefacio
1088 2738 1225 2792 taederet.

66 2877 67 2882 Ἰ
140 2815 202 2866 695.
214 2816 261 2866 sed
274 2816 425 2866 accuratior
434 2811 585 2876 Horatiusr)
595 2816 663 2864 inter
735 2818 761 2868 7.
780 2812 863 2879 iones]
882 2817 1021 2867 Proverbii
1037 2817 1156 2878 speciem
1175 2818 1227 2868 ha-

140 2907 200 2944 earm
211 2901 236 2944 et
247 2895 294 2944 Co.
304 2895 455 2956 Pmnpoium
463 2900 487 2942 et
495 2893 534 2944 Μ.
544 2893 664 2942 crossum
701 2897 755 2944 bet.
783 2893 894 2943 Suidas:
924 2888 973 2944 Ἕν
986 2896 1056 2964 πυρὶ
1077 2893 1225 2958 βέβηκας,

142 2973 211 3020 inito
225 2974 359 3034 potentiae
375 2973 499 3027 comatos,
525 2983 590 3032 quoe
605 2969 663 3020 urbi
702 2971 798 3024 Τοῦτο
821 2971 964 3038 ἐπιλέγειν
985 2969 1043 3042 χρὴ
1062 2970 1173 3034 ἐντοῖς
1191 2973 1228 3024 ἐν

65 3115 67 3118 Ι
143 3049 248 3113 orbique
261 3057 393 3100 terrorum
404 3063 449 3098 nec
462 3049 548 3096 minos
563 3048 663 3095 diverso
700 3049 877 3112 ἐπισφαλέσι
923 3049 974 3098 καὶ
1025 3045 1228 3112 ἐπικινδύνοις

141 3142 300 3191 quamnam
328 3135 442 3188 tompore
462 3126 526 3186 ipris
551 3119 662 3186 (gravis)
701 3127 872 3199 πράγμασιν
906 3113 1122 3198 ἐμφιλοὲεωρεῑν
1161 3126 1228 3179 ἐξέ-

142 3204 285 3256 esittobitis
303 3207 365 3269 fuit.
701 3205 795 3256 λουσι.

177 3284 204 3334 5.
232 3283 352 3333 Nondum
369 3275 499 3342 expiatio]
531 3280 600 3342 Quia
624 3279 664 3331 ni·
735 3285 764 3334 9.
788 3279 925 3346 Paullum]
955 3283 1069 3334 «Donec
1099 3283 1228 3354 absoluta
1269 3309 1270 3314 =

142 3363 197 3412 mia
214 3353 296 3412 eiiam
317 3365 376 3422 post
391 3359 541 3408 Antonium
555 3371 664 3422 oppres·
700 3363 735 3412 sit
745 3362 856 3411 historia
870 3366 932 3420 tua,
955 3373 1004 3424 per
1020 3362 1102 3412 breve
1115 3367 1229 3424 tempus

142 3455 201 3490 sum
227 3439 407 3488 remanebant
436 3435 572 3488 scelerum
599 3436 665 3487 civi·
700 3441 794 3502 utique
813 3450 911 3490 vacare
929 3439 977 3488 tibi
994 3439 1091 3489 liceta
1113 3451 1230 3503 compo—

140 3519 209 3569 iium
219 3516 366 3578 reliquiae,
381 3515 576 3578 lougotantum
587 3513 664 3564 Octa·
702 3518 798 3568 mendis
807 3517 981 3578 tragoediis.»
1000 3516 1056 3566 Sat.
1071 3518 1097 3578 1,
1112 3518 1161 3576 10,
1172 3517 1230 3567 42:

139 3595 213 3649 viani
229 3594 381 3657 principatu
399 3593 591 3646 removendae.
612 3591 663 3642 Od.
701 3597 786 3647 Pollio
801 3609 890 3659 recum
910 3595 994 3648 Facto
1009 3597 1081 3646 canit
1097 3595 1163 3656 pede
1185 3600 1232 3644 ter·

139 3675 170 3732 1,
197 3673 228 3732 2,
259 3672 304 3722 29.
333 3695 363 3708 -
387 3669 482 3734 uncto]
512 3671 663 3736 «pollutam
700 3686 831 3738 pedaneo.
859 3673 934 3734 virg.
950 3673 1009 3724 Ecl.
1029 3673 1061 3733 8,
1085 3673 1132 3722 io:
1160 3671 1235 3722 Sota

140 3751 273 3810 Verbum,
300 3752 373 3815 quod
398 3751 521 3803 Boutioio
547 3751 590 3802 rix
615 3749 666 3798 La·
702 3751 840 3814 Sophocleo
865 3758 913 3801 tuo
937 3752 1056 3800 connino
1079 3752 1162 3814 digno
1185 3763 1235 3800 co·

138 3839 225 3896 tinum
241 3837 400 3900 videbatur,
423 3837 550 3892 firmatur
567 3851 583 3886 a
600 3835 665 3886 Silio
703 3833 808 3882 tiranno.
830 3853 861 3866 ·-
886 3825 1002 3891 secerne]
1028 3828 1106 3880 ovid.
1126 3827 1234 3880 Amor.
