2606 4120
459 195 554 264 ¹nna
576 195 610 242 u.
648 175 753 242 aaran.
774 197 796 242 ι.
842 184 861 222 n
1037 252 1040 256 ,
1081 149 1199 240 ’ΜΛ

2 375 3 422 i
103 332 143 406 Si
164 333 334 402 discordet
357 333 604 420 equam-medie
625 331 715 400 luter?
737 315 1056 418 carmina'pos'cuutf
1119 303 1201 388 ‘¹85‘

102 456 176 522 Aut
195 474 307 520 ursum
328 459 394 551 aui·
410 456 558 543 pugiles3
579 453 632 519 his
652 441 734 520 uum·
748 453 923 538 plebecula
945 451 1082 536 plaudit.
1195 451 1197 456 '

103 577 227 641 Verum
249 576 370 661 equitis
390 593 522 660 quoque
544 572 786 662 lam-migrauit
806 574 851 639 xab
873 591 954 638 anre
975 556 1136 656 voluptas

105 693 222 765 onus
243 695 287 762 ud
308 698 457 762 incertos
477 695 595 764 oculos
617 697 652 758 et
673 691 798 781 gaudia
819 711 918 758 vana.
990 745 993 752 .
1155 687 1157 692 ’

103 811 273 898 Quattuor
293 819 351 879 uui
377 816 491 900 plures
511 815 629 880 aulaea
651 817 846 898 premuntur
866 795 1042 892 iuberes,
1129 839 1131 845 ·
1160 797 1162 804 ’
1193 823 1199 844 “

105 935 191 1000 Dum
213 935 348 1022 fugiunt
371 936 514 1019 equitnm
537 939 665 1007 turmae
687 932 899 1017 peditumque
922 936 1095 1015 catervam
1129 919 1203 990 leo

105 1055 193 1120 Mox
215 1053 359 1119 trahitur
380 1031 529 1118 menibus
550 1073 665 1138 regum
688 1027 1004 1133 fortunaretortis,
1104 1081 1108 1087 ·

66 1237 70 1248 ,
106 1173 238 1239 Esseda
261 1174 440 1260 festinant,
461 1174 606 1258 pilenta,
627 1169 808 1257 petorrita,
829 1172 968 1260 naves,¹
1009 1200 1011 1208 ⁴

107 1293 284 1393 Captivum
306 1285 467 1378 portetur
482 1295 579 1378 ebur,
602 1287 953 1377 supervacuitatum.

62 1447 71 1532 η’
160 1483 187 1521 r.
207 1467 268 1518 186.
287 1459 384 1532 puddet
403 1441 420 1516 e
437 1466 521 1518 Cudd.
542 1467 632 1516 Bentl.

13 1623 15 1630 ’
109 1613 246 1676 Augustus
257 1610 383 1672 tigridem
402 1609 431 1659 in
444 1619 525 1658 scena
535 1609 635 1672 populo
674 1604 1206 1672 (Cic.adFam.7‚1.)oblatuoeeasione2
1300 1593 1301 1600 ἵ

110 1675 229 1742 exhibuit
248 1687 334 1753 (Suet.
354 1688 412 1738 Oet.
432 1684 489 1750 te.)
512 1711 543 1722 -
559 1689 635 1750 pupi·
674 1687 723 1750 ipsi
741 1687 850 1737 fabulae
869 1683 1015 1749 insertas,u
1029 1689 1118 1756 -peluti
1133 1703 1197 1758 euru

111 1766 162 1832 les]
182 1767 307 1830 πύκτας,
327 1760 501 1832 πυγμάχους
514 1765 634 1816 diversos
673 1767 702 1814 iu
717 1757 831 1815 Troasin
853 1765 959 1815 Graeci
972 1766 1102 1828 praedam
1120 1761 1202 1817 Trai-2

112 1845 350 1908 agladiaioribus.
379 1835 464 1905 Quid,
487 1843 635 1905 quodipse
673 1857 753 1893 anam
778 1843 806 1893 in
835 1857 918 1894 naves
946 1845 1141 1908 importarent,
1168 1846 1197 1894 in

111 1923 248 1986 Augustus
257 1924 383 1985 spumavit
391 1921 635 1982 studiosissimepu-
674 1921 900 1984 Epiuausimaebe
920 1935 982 1971 cum
1005 1922 1131 1984 Troianis
1148 1937 1196 1987 pu·

111 2003 196 2066 pilea
221 1996 526 2052 etmumutelutiaoal
549 1996 634 2062 (Suet.
665 1991 755 2060 'gnam
776 2004 938 2062 pugnarent.
978 1999 980 2002 ’
1031 2001 1035 2013 ’
1077 1993 1088 2012 “

113 2076 244 2140 Ocius.)
264 2077 392 2128 Similiter
407 2082 498 2128 autem
516 2077 636 2126 Terentii
709 2075 1207 2140 191-193.Μοωειναὶιὶηιν]«ΡοεῐΙ
1269 2099 1272 2104 ·

114 2157 219 2219 Hecyra
250 2169 266 2205 a
298 2155 457 2205 funambulo
488 2155 636 2218 aliquando
666 2155 771 2218 proelii
786 2155 962 2206 simulacrum
979 2157 1131 2223 triumphus
1142 2155 1208 2222 agi-²

114 2234 262 2284 disturbata
287 2238 337 2284 est.
467 2258 494 2268 0
571 2294 573 2301 Α
626 2245 627 2250 ’
675 2235 875 2284 turinsceua.»
895 2235 975 2284 hren.
997 2260 1026 2271 -
1047 2237 1199 2299 reputator-

64 2320 71 2330 *
130 2308 636 2376 ‹1eu-tae.i⁷emmeqottta]uv‹s-
676 2309 760 2374 tuuu]
781 2325 875 2374 «reges
890 2305 1209 2374 olimiortnnatisuuu&

113 2405 193 2452 rum,
222 2391 294 2454 quod
315 2403 380 2440 sane
405 2389 552 2440 dolemum
577 2393 636 2448 est,
676 2389 801 2452 captivis
823 2413 854 2424 -
880 2387 992 2452 Eusebia]
1020 2391 1162 2441 «vehicula
1182 2403 1232 2440 ι’

116 2471 167 2534 ipsi
185 2469 225 2518 illi
244 2470 367 2533 equites,
388 2468 434 2531 qui
447 2467 581 2531 politioris
594 2467 638 2514 in·
676 2468 766 2528 Belgis
791 2466 910 2530 primum
938 2471 1064 2529 reperta,
1098 2469 1197 2532 quibus

116 2548 190 2610 genii
208 2559 267 2596 esse
285 2547 424 2608 deberent,
446 2547 501 2595 iam
520 2545 639 2595 oblecta·
677 2545 759 2595 ceteri
792 2543 862 2593 Galli
898 2548 979 2606 atque
1015 2543 1138 2596 Britanni
1157 2548 1198 2597 ‘in

117 2628 210 2674 menta
227 2635 374 2685 puerorum
394 2623 550 2685 praeierunt
562 2621 639 2672 tabu·
678 2624 776 2687 pugnis
801 2623 956 2671 utebantur.
981 2646 983 2650 ·
1002 2623 1112 2674 Duabus
1132 2627 1198 2675 rotis

99 2703 179 2752 'liam
199 2724 232 2736 -
245 2696 373 2763 incertia]
390 2713 489 2762 «vagos
508 2706 535 2750 et
547 2701 640 2750 incon·
669 2701 803 2764 imposita
817 2705 875 2748 erat
887 2699 954 2748 sella
969 2707 1080 2763 aperta,
1101 2703 1128 2750 in
1147 2696 1214 2766 qna'
1247 2724 1250 2732 ·

119 2786 237 2840 stantes,
257 2779 303 2841 qui
320 2791 454 2842 nusquam
470 2780 639 2833 consistunt,
678 2781 757 2829 miles
766 2785 792 2828 et
805 2779 898 2840 auriga
909 2778 1030 2832 sedebat.
1046 2803 1076 2814 -
1087 2773 1215 2842 pilento]vt

119 2860 166 2908 sed
177 2857 257 2907 ruodo
269 2857 303 2906 ad
316 2857 384 2916 boc,
399 2856 521 2906 modoad
536 2857 602 2906 illud
612 2870 640 2906 se
679 2856 796 2910 vehiculi
805 2869 890 2918 genus
901 2861 1018 2912 tectum,
1037 2869 1090 2919 quo
1104 2857 1215 2908 mairo-⁴

119 2939 307 2988 convertunt.»
320 2957 351 2970 -
370 2934 641 2999 uulocopremuuair]
680 2949 731 2986 nae
750 2935 921 2996 serebantur,
941 2935 977 2982 ita
991 2935 1119 2984 libratum
1139 2930 1216 2985 dua-¹
1271 2945 1274 2951 “

104 3014 159 3065 ‘iia
167 3015 263 3065 aulaea
275 3011 472 3075 significantur,
485 3025 554 3076 qnae
567 3019 643 3063 erant
681 3016 730 3062 bus
748 3013 832 3071 rotis,
861 3017 890 3061 ut
907 3012 1078 3061 considentes
1098 3011 1125 3060 iu
1144 3011 1204 3074 pul-

121 3100 184 3146 ante
203 3091 376 3164 proscenium
396 3096 423 3140 et
438 3091 641 3152 preciduntur,
681 3093 751 3143 vinis
777 3092 804 3156 in
833 3092 896 3140 aere
928 3103 1076 3152 suspensae
1107 3090 1205 3152 agitari

120 3175 173 3226 boe
194 3177 251 3232 est,
271 3185 310 3221 -ex
335 3171 390 3222 alto
417 3169 642 3242 demittebantur,
682 3171 847 3221 viderentur.
875 3168 1204 3231 Dilierebatapetorrito,

121 3253 174 3312 ita,
194 3257 223 3301 ut
233 3251 361 3314 quamdiu
376 3250 403 3298 in
413 3261 494 3298 scena
507 3251 643 3309 ageretur,
683 3248 754 3311 qnod
774 3252 900 3310 quattuor
920 3253 993 3304 rotas
1013 3247 1145 3298 habebat:
1166 3249 1220 3312 pi··

121 3331 197 3380 humi
211 3331 345 3387 iacerent;
365 3327 530 3381 tollebantur
543 3331 644 3386 autem,
683 3327 786 3376 lentum
795 3315 846 3374 tuit
855 3322 1045 3376 inventumvel
1055 3327 1209 3376 Tuscorum·

120 3396 174 3460 bon
189 3414 242 3468 est,
263 3409 291 3457 in
309 3407 394 3456 altum
406 3406 597 3465 trahebantur,
616 3409 646 3454 ut
683 3403 727 3456 vel
742 3399 940 3466 llispa'uorum,
961 3405 1121 3466 petorritum
1143 3407 1206 3455 Gal·

77 3481 81 3490 '
123 3499 233 3538 scenam
249 3485 432 3544 obducerent,
452 3482 543 3532 labula
558 3475 644 3532 linita„
682 3477 833 3534 loruml-
852 3480 946 3544 uacca]
967 3489 1013 3532 ant
1033 3485 1144 3535 navium
1162 3499 1206 3534 ca·

125 3565 174 3613 uin
197 3577 251 3612 nna
272 3561 363 3612 sabula
388 3561 492 3624 agenda
519 3563 646 3624 quattuor
684 3566 790 3625 piarum
824 3561 970 3610 simulacra
1002 3569 1048 3612 aut
1084 3563 1221 3626 ipsarnm‘

124 3648 171 3693 aut
189 3641 280 3704 plures
297 3641 381 3691 borae
395 3641 531 3690 interdurn
549 3643 645 3688 consti-
678 3631 771 3688 'rostra
788 3638 920 3690 uehiculis
936 3640 1071 3702 imposita.
1088 3638 1119 3676 -'·
1133 3639 1208 3705 ῶτιν]

124 3725 236 3772 muniar
272 3725 382 3782 propter
415 3719 504 3770 varias
533 3723 655 3781 pompas·
685 3718 778 3779 «signa
792 3720 818 3766 et
831 3717 919 3786 omnis
930 3719 1223 3780 generisornameuta··

125 3810 264 3863 pugnatio
293 3797 430 3860 peditatus
457 3801 485 3848 'et
512 3797 646 3860 equitatus
684 3795 833 3852 eburbea.»
858 3815 893 3834 -·
916 3794 1026 3858 ‘captiua
1048 3797 1207 3860 Corinthus]

1179 4017 1301 4100 Α
