2658 4128
447 197 455 204 .
509 161 574 206 unt.
595 159 627 204 ΙΙ.
667 161 740 206 ΒΜ.
761 161 807 204 Vl·

118 293 287 358 Matutine
309 296 421 375 peter,
440 272 503 356 m
523 290 606 356 lune
627 293 785 358 libentius
804 291 919 373 audis,
976 362 980 368 ,

118 409 217 475 Unde
238 411 386 472 homines
407 425 542 491 operum
564 410 687 492 primos
708 412 862 488 uiaeque
884 407 1018 472 iuberes
1077 471 1081 480 ,
1183 478 1187 488 ,

117 529 316 610 immuunt,
338 529 388 592 sie
409 525 460 590 dis
482 527 712 609 pineitumptu
732 525 887 588 carminis
908 530 982 590 esto

117 637 328 727 Prinoipium.
371 643 497 708 Romae
518 661 714 726 sponsorem
735 645 907 727 meropis.
950 643 1029 729 min,

116 761 168 827 Ne
189 765 281 847 prior
302 761 412 826 oiiioio
434 761 603 846 quisquam
624 759 842 843 respondent,
865 778 960 849 urge.

116 875 199 945 Sive
220 879 344 962 Aquilo
365 877 453 948 rudit
474 882 583 944 terres
602 896 662 942 seu
684 877 797 945 bruun
817 879 960 944 niveiom
1150 877 1189 939 25

115 998 280 1062 Interiore
302 996 387 1063 diem
407 1013 495 1080 gyro
518 994 642 1078 trehit,¹
657 996 706 1060 ire
726 1013 866 1062 neeesse
888 1001 948 1062 eet.
1132 983 1137 989 ’

56 1204 58 1208 .
116 1112 299 1178 Postmodo
322 1111 408 1197 quod
429 1112 472 1174 mi
494 1111 595 1193 obsit,
616 1113 707 1177 clere
728 1115 918 1196 certumque
939 1116 1053 1181 loonio

114 1233 321 1298 Luetundum
341 1232 377 1294 in
398 1229 496 1294 turbu
517 1233 551 1294 et
572 1229 727 1294 iaciendo
746 1231 866 1296 lniurin
887 1232 1002 1298 turdis.

87 1361 93 1368 ’
108 1347 200 1432 Quid
223 1351 292 1433 vis,
312 1350 444 1426 insane,
466 1353 500 1412 et
521 1365 608 1432 quus·
624 1365 681 1411 res
701 1339 802 1435 ogisi
821 1350 990 1433 improbus
1011 1358 1110 1440 urget

165 1546 1139 1614 snt.vineo.Qotottoteo‚tmm‚nqoamromapotuenu.
1237 1551 1239 1554 ·
1323 1531 1324 1544 ’

113 1711 175 1750 rum
187 1711 236 1761 per
251 1696 372 1758 singulos
385 1697 443 1746 dies
453 1696 631 1759 capessendo·
667 1709 736 1758 quoe
749 1694 877 1756 fortusse,
900 1698 948 1746 ubi
965 1700 1093 1750 creditori
1109 1715 1125 1751 a
1142 1716 1187 1752 me

112 1787 183 1824 rum.
200 1799 230 1810 —
243 1771 330 1834 ondit]
354 1768 505 1836 «ἀκούεις,
526 1769 631 1834 κλύεις,
668 1773 890 1824 satisfaciendum
900 1776 960 1836 erit,
980 1777 1004 1826 oi
1016 1778 1187 1842 debitoripse

112 1852 285 1914 appellaris.»
306 1873 339 1890 ···
359 1846 437 1911 Unde]
458 1864 490 1902 «u
502 1863 584 1913 quo.»
601 1853 631 1898 ut
667 1851 796 1902 solvendo
811 1865 867 1900 uon
879 1851 974 1913 inerit,
994 1855 1185 1917 mihipostmo-

112 1929 163 1978 0d.
178 1927 311 1990 1‚12,17.
326 1951 356 1964 -
367 1923 471 1987 Bootae]
487 1928 570 1978 «Cum
579 1929 630 1977 Ro·
666 1929 701 1978 do
713 1941 812 1978 uorem
822 1927 915 1979 tiieret
925 1943 956 1978 :u
976 1944 1008 1981 ex
1019 1932 1123 1982 Biantis
1137 1935 1183 1985 iile

112 2018 173 2055 mue
184 2019 256 2065 uum,
270 2017 350 2054 mane
363 2004 488 2066 meropis
501 2017 629 2068 sponsum
666 2002 782 2076 γνώμῃ,
797 2018 867 2068 quoe
877 2007 905 2056 iu
914 2009 1087 2070 proverbium
1100 2011 1183 2062 notit:

112 2078 630 2144 toiornmzn(iipp.2.,2‚o'1:Hiemem·
665 2079 780 2146 Ἐγγύα,
794 2080 874 2150 πάρα
886 2081 908 2131 δ’
921 2079 989 2135 ἄτα.
1005 2111 1036 2122 ·-
1049 2088 1118 2137 olore
1132 2102 1185 2138 eos»

111 2170 170 2206 oum
180 2154 300 2220 eonon),
320 2159 339 2206 i.
353 2171 378 2206 e.
395 2158 496 2206 Romae
513 2159 630 2208 uecessi-
665 2155 787 2220 tumque]
819 2159 866 2210 list
881 2161 934 2210 hoo
951 2175 983 2212 er
1004 2162 1183 2214 formularum

111 2239 193 2286 intem
217 2236 283 2286 mihi
304 2236 457 2298 impositum
478 2238 564 2286 sentio
580 2250 628 2298 pro
665 2247 805 2293 sermone,
824 2249 855 2285 er
874 2251 928 2299 quo
941 2241 1011 2302 opud
1025 2241 1099 2292 ICtos
1111 2248 1183 2294 eorto

110 2313 165 2362 1100
175 2313 219 2364 vel
236 2313 284 2362 ilie
294 2314 382 2362 amieo
394 2313 537 2363 confestim
549 2327 629 2377 epon-
663 2311 742 2360 eerdo
754 2312 849 2360 eadem
869 2320 931 2363 sunt
946 2328 979 2364 ae
998 2317 1144 2368 sollemnia
1157 2323 1184 2368 et

111 2391 207 2448 dendi,
233 2391 287 2440 nisi
307 2391 426 2441 insuavis
443 2396 470 2440 et
490 2391 629 2452 negligen-
665 2387 803 2448 legitima:
832 2394 976 2454 utrumque
994 2399 1085 2442 autom
1106 2409 1132 2445 v.
1147 2396 1183 2445 itu

111 2467 164 2517 tior
180 2466 274 2516 heberi
292 2467 402 2519 veiim.»
419 2491 443 2501 ·
460 2468 512 2516 lito
523 2493 534 2503 ·
545 2464 626 2530 erpo]
666 2465 785 2526 iungitur
805 2466 834 2514 iu
854 2466 971 2518 formula
987 2471 1058 2531 apud
1076 2470 1134 2523 Liv.
1157 2474 1183 2533 1,

110 2544 160 2592 ilis
187 2559 231 2594 vv.
253 2556 282 2592 ee
312 2545 369 2607 ipse
395 2545 519 2594 hortatur
543 2545 628 2595 llore-
665 2543 713 2592 18:
740 2544 873 2605 iuppiter,
896 2569 907 2580 ·
927 2570 937 2581 -
959 2554 988 2595 tu
1010 2549 1087 2610 uipno
1110 2549 1185 2600 nodis

108 2621 178 2670 tius:
206 2614 339 2686 udooeye,
363 2635 494 2684 propera,
513 2635 548 2670 ue
567 2623 627 2684 quis
664 2626 736 2668 certo
764 2620 939 2679 odolurumis,⁸
967 2627 993 2671 et
1020 2636 1130 2685 prorsus
1156 2631 1185 2676 ut

111 2699 139 2747 iu
153 2699 205 2746 hou
225 2696 314 2748 officio
331 2699 487 2762 recipiendo
508 2705 534 2748 te
551 2712 627 2763 pree·
665 2697 693 2745 h.
707 2696 726 2744 1.
746 2698 817 2758 upud
838 2697 935 2748 Seuoc.
967 2700 1081 2750 Lud.1=
1109 2716 1185 2766 quoe-

110 2776 228 2826 veniut.»
278 2794 284 2800 -
664 2777 760 2836 cunque
773 2777 880 2836 audiui,
900 2783 972 2826 certo
988 2777 1110 2840 claraque
1123 2781 1184 2844 uffe-

146 2851 198 2902 25..
218 2852 263 2903 26.
307 2851 401 2915 Aquilo
418 2851 509 2915 rodit]
541 2853 626 2913 «dut,
664 2862 746 2898 ro.-
761 2850 938 2914 Luctandmn]
959 2855 1184 2906 ‹nummolubore

108 2933 199 2978 terrae
224 2929 395 2991 superficiem
424 2930 534 2990 rudent,
569 2943 628 2992 per·
664 2929 862 2987 penetrandum
880 2935 920 2978 est
938 2945 987 2992 per
1003 2932 1128 2990 turbam,
1149 2933 1185 2980 itu

109 3005 275 3068 stringentem
289 3013 320 3057 ut
330 3007 423 3056 rodere
436 3007 505 3056 litter.
518 3029 549 3042 -·
559 3009 628 3055 Into·
664 3009 694 3053 ut
710 3005 738 3054 iu
755 3006 886 3056 tardiores
908 3009 1057 3071 impingam
1083 3023 1184 3072 eosque

107 3084 177 3133 riore
196 3108 207 3118 -
224 3081 306 3148 pyro]
330 3083 491 3133 «solstitium
509 3083 627 3132 hiemale
664 3081 779 3143 pulsem,
799 3090 879 3144 utque
890 3086 958 3135 odeo
968 3088 1017 3136 etsi
1032 3087 1131 3138 invitus
1144 3087 1184 3136 in-

88 3159 181 3210 'leute
193 3162 268 3210 duoit
279 3162 365 3219 diem,
389 3161 435 3224 qui
453 3161 506 3210 ium
522 3161 627 3211 brevio·
663 3160 732 3208 iuriu
751 3173 797 3208 eos
816 3160 962 3212 affinium.»

107 3236 562 3300 romhorurum,quibuesollueet‚
576 3237 627 3285 eir·
697 3236 810 3286 29-31.
848 3238 916 3298 Quid
934 3242 987 3300 uio,
1006 3237 1112 3302 imane]
1131 3241 1181 3294 Vv.

108 3315 199 3364 ouium
216 3316 381 3373 deserimini
401 3320 431 3364 ut
450 3315 521 3364 iuter
536 3314 626 3376 piures
662 3313 997 3375 hueouuusiiuiormulam
1009 3318 1181 3368 transierunt.

108 3391 234 3451 oiroulos,
249 3393 347 3456 quibus
361 3392 432 3442 idem
441 3396 481 3442 est
491 3397 624 3450 centrum,
663 3389 718 3438 cie.
733 3390 766 3439 de
788 3389 834 3440 Or.
852 3393 879 3452 2,
897 3393 941 3444 ou.
966 3394 1035 3454 Quid
1056 3396 1103 3444 titi
1124 3398 1181 3458 eie,

108 3469 251 3520 interiores
267 3484 374 3532 semper
390 3471 497 3524 brevius
509 3470 625 3533 spatium
662 3468 772 3518 insonet
791 3469 909 3533 itemquo
927 3472 998 3533 apud
1011 3473 1132 3534 Propert.
1153 3473 1179 3535 1,

107 3547 344 3598 circumscribunt.
630 3597 633 3601 ,
662 3547 694 3609 5,
723 3547 749 3598 3.
782 3570 811 3583 -·
842 3549 975 3609 improbos
998 3547 1091 3613 torpet]
1123 3557 1180 3601 est:

141 3624 186 3674 17.
206 3625 250 3674 2⁸.
287 3625 442 3689 Postmodo]
464 3626 547 3676 «Cum
566 3639 625 3689 pro·
663 3626 739 3675 «sine
768 3624 825 3674 ullo
849 3624 952 3686 pudore
978 3638 1010 3674 ao
1035 3627 1114 3676 modo
1138 3641 1182 3678 mo

106 3705 234 3757 nuntiare
271 3705 424 3766 sponsionis
464 3703 623 3764 termulum,
662 3704 808 3756 insectetur
828 3703 893 3754 ditis
911 3705 1178 3768 imprecationibus.»
