2644 4112
517 201 581 248 ιιι.
600 199 630 246 ι.
663 199 736 245 ssu.
755 177 821 244 vn..

140 339 286 405 Prnnsus
308 356 373 400 nou
393 333 508 408 avide,
529 337 683 418 quantum
704 329 894 414 interpellet
913 329 1004 394 insui

57 495 60 504 ‹
105 461 107 464 ’
138 456 265 520 Ventre
287 453 372 516 dien
392 451 529 537 durare,
551 449 750 516 domesticus
770 449 865 511 otior.
905 446 998 512 lineo
1019 447 1071 510 eet
1124 468 1127 476 ·

138 571 218 636 Vita
238 572 418 633 solutorum
438 570 555 633 misera
575 567 750 632 ambitione
770 564 948 649 gravinum

140 687 202 750 liis
222 704 273 750 me
294 685 450 750 consolor
468 685 630 748 victurum
651 681 802 765 suavius,
826 695 866 744 ue
887 680 940 742 sl·
1109 671 1196 740 ,133
1254 704 1258 716 ,

144 799 311 881 Quaestor
330 819 429 886 avus,
450 787 547 882 pater
565 801 665 880 atque
685 813 776 860 meus
791 796 991 878 patruusque
1006 794 1133 858 luisset

558 920 777 942 ..ι-ὸ..-

395 1049 400 1056 ·
449 1028 717 1164 serrae
762 1026 883 1114 urs.

138 1202 323 1288 Proscripti
344 1205 450 1292 llegls
471 1205 583 1290 Rupili
604 1225 668 1288 pus
687 1208 787 1288 atque
809 1222 979 1295 venenum·

114 1334 117 1344 ’
140 1322 291 1409 Hybrida
312 1340 376 1424 quo
398 1324 497 1404 pacto
518 1323 562 1384 sit
583 1321 719 1386 Persius
739 1322 845 1402 ultus,
865 1323 984 1404 opinor
1039 1381 1046 1395 ,

137 1489 228 1544 tlon.
242 1489 290 1541 Cr.
309 1489 433 1540 Ceterum
443 1489 649 1541 Pinsrlillsttse
685 1488 781 1550 lisiae,
808 1489 941 1550 soerrims
956 1489 1199 1542 contentioneliti-

137 1565 381 1628 ersutpstrloiiae
395 1565 510 1614 nobiles.
547 1566 602 1617 Cio.
616 1565 649 1616 tie
686 1565 771 1626 gerit,
805 1563 927 1626 Rupilius
950 1565 1061 1626 iusuper
1085 1568 1199 1618 acerbis-

138 1642 197 1694 liir.
217 1642 253 1701 2,
270 1631 319 1688 21:
466 1626 469 1642 '
687 1642 761 1690 simis
778 1641 924 1698 conviciis,
946 1639 1059 1689 Persius
1069 1639 1199 1693 vilissima

171 1716 233 1766 126.
254 1711 650 1780 protocommlrmomp'ostri-
686 1719 763 1768 utens
795 1729 859 1778 erga
893 1717 1005 1766 Brutum
1036 1717 1198 1766 adulatione.

137 1788 242 1858 potum]
261 1789 547 1857 Trigouarptymvoc,
566 1802 650 1849 genus
687 1792 816 1842 Tandem.
841 1793 947 1841 Persius
985 1792 1055 1842 salse
1092 1792 1200 1856 aliquod

137 1865 209 1928 pilae
221 1867 359 1920 minimae,
379 1865 461 1913 (lurae
473 1863 650 1927 ettirmopilo
687 1868 785 1917 dictum
804 1868 832 1917 iu
855 1868 1037 1920 sdrerssrium
1057 1869 1199 1930 expromit,

137 1939 237 2000 isrtse;
256 1940 426 1990 nomeuiude
438 1939 563 2000 ductum,
579 1944 651 2004 quod
686 1945 758 2005 quoti
774 1945 854 1994 totius
870 1945 1024 1994 historiolae
1042 1957 1156 1994 soumeu
1174 1949 1201 1994 et

138 2015 650 2079 stribnsludeutilrusiactabaturetqui-
687 2020 763 2080 qussi
784 2020 930 2072 medullam
949 2021 1084 2080 eontinet,
1111 2034 1137 2072 v.
1155 2019 1199 2072 33.

138 2095 200 2145 ilem
215 2095 252 2144 ita
263 2091 406 2154 dispositis,
419 2094 449 2140 ut
460 2092 587 2154 trianguli
597 2093 651 2143 ior·
687 2106 761 2157 seqq.
782 2100 862 2157 atque
880 2096 1098 2146 narratiunculae
1118 2096 1200 2147 tinem

138 2168 368 2220 numenio-erent
399 2168 480 2219 Mart.
492 2169 518 2228 7,
532 2169 581 2218 72:
608 2169 650 2219 Sto
686 2169 808 2231 imponit.
826 2171 906 2221 Zrnr..
942 2171 1067 2222 Horatius
1078 2171 1200 2229 tribunus

134 2244 462 2308 momentumque
476 2245 545 2294 ontio
557 2245 650 2295 Unctus
687 2245 746 2294 mil.
766 2245 842 2296 duee·
854 2247 937 2297 Bruto
953 2249 1010 2309 ipse
1026 2253 1091 2298 tuno
1110 2248 1201 2298 Clazo-

136 2321 181 2374 des
202 2323 279 2384 tueor
302 2321 401 2370 arsere
426 2332 545 2370 eormme.
687 2321 775 2370 menis
799 2323 905 2372 videtur
924 2324 1046 2384 degisse,
1073 2328 1153 2384 atque
1173 2335 1199 2372 a.

129 2429 132 2434 ,
173 2397 327 2448 ter-131.
369 2393 529 2457 interpellet]
562 2409 651 2457 opro-
687 2409 715 2446 ιι.
737 2410 762 2445 o.
782 2398 843 2448 713.
864 2399 979 2460 primam
999 2398 1070 2448 hano
1091 2411 1201 2451 suarum

137 2472 240 2533 niteat,
266 2484 323 2522 uon
345 2472 442 2520 sinat.»
461 2495 493 2508 —
514 2473 581 2523 diem
603 2473 650 2520 tlte·
687 2473 828 2523 satirarum
851 2475 1043 2536 composuisse.

137 2547 215 2611 rnre]
234 2549 501 2610 usqueadooensm.
516 2572 545 2583 -
569 2546 650 2606 Quor-
721 2549 807 2598 1-3.
842 2550 917 2612 lispis
934 2547 1035 2612 liuptli]
1055 2550 1106 2598 «P.
1123 2549 1203 2613 liupi-

137 2622 210 2686 ator]
228 2624 361 2686 Perquam
372 2624 437 2674 seito
449 2635 505 2672 nou
517 2627 650 2673 memorat
687 2623 740 2672 lius
756 2625 811 2676 lter
829 2624 1035 2685 Praenestinus,
1054 2639 1136 2688 eques
1152 2627 1203 2676 lio·

129 2701 190 2750 nisi
219 2699 342 2750 intimum
364 2699 566 2760 munimntum,
596 2713 650 2760 quo
687 2713 798 2759 manns,
817 2713 844 2748 s.
862 2701 922 2750 roa.
941 2702 1067 2761 magister
1085 2701 1203 2763 publiea-

137 2777 255 2826 sexeeuti
270 2776 317 2826 alii
328 2789 468 2838 nunquam
480 2777 508 2824 in
517 2776 649 2824 honorum
688 2787 801 2833 norum,
822 2775 909 2836 quiin
922 2776 1046 2838 Bithynia
1061 2776 1203 2836 vectigalis

137 2852 331 2912 eursulongtus
339 2851 473 2912 progressi
482 2849 566 2900 iuneti
575 2855 650 2900 eraut
687 2852 838 2912 exigebant,
858 2846 1063 2912 fuerattcioad
1071 2853 1145 2900 Fam.
1159 2851 1201 2911 13,

128 2939 225 2989 neque
240 2928 299 2976 eius
315 2940 365 2988 ope
378 2927 440 2975 tiliis
454 2926 649 2989 nepotibusque
687 2926 712 2987 e,
732 2922 770 2986 2.)
789 2929 816 2974 et
827 2929 918 2988 postea
936 2939 952 2976 a
968 2925 1070 2976 nivibus
1088 2926 1204 2977 Praene-

136 3001 223 3051 ullum
232 3002 401 3064 splendorem
411 3007 581 3063 pepererant,
600 3002 650 3050 etsi
688 2999 763 3049 stiuis
781 3001 809 3048 iu
830 3001 939 3050 erilium
961 3003 1075 3064 missus,
1102 3002 1152 3052 sub
1172 3001 1202 3052 Ρ.

136 3077 219 3139 ipsis,
256 3082 346 3140 utpote
377 3077 530 3126 horninibus
557 3079 650 3137 noris,
686 3073 758 3125 Attio
774 3076 844 3126 Varo
863 3089 889 3125 a.
905 3077 967 3130 737.
994 3078 1023 3128 in
1049 3077 1141 3128 Atrion
1159 3079 1205 3133 stt·

135 3151 338 3203 honoriiuerat.
373 3152 495 3202 liidi'oule
503 3156 596 3202 eontra
608 3165 649 3201 ar·
688 3151 785 3212 pendia
797 3159 941 3204 meruerat.
976 3153 1010 3204 Α.
1023 3155 1083 3206 711..
1103 3157 1203 3209 liomse

135 3241 235 3290 rogans
257 3229 365 3287 inisset,
392 3229 415 3276 si
437 3233 587 3290 praetorem
608 3228 651 3280 rel
688 3233 795 3288 praetor
817 3228 921 3290 iaetus,
952 3232 1000 3282 sed
1022 3245 1038 3280 u
1058 3233 1204 3284 triumviris

136 3304 204 3354 etleo
222 3303 361 3354 consulem
378 3317 426 3366 pro
446 3307 586 3366 quaestore
605 3317 651 3365 po-
688 3302 835 3354 Oetariauo
847 3311 955 3371 auctore
970 3309 1150 3371 proscriptus,
1169 3309 1203 3357 ad

137 3382 243 3430 suisset.
687 3379 798 3427 Brutum
817 3379 900 3441 sugit,
920 3395 936 3430 e
954 3395 1006 3445 quo
1027 3384 1055 3432 iu
1075 3383 1203 3433 eomltnm

170 3457 227 3506 Vll.
263 3455 364 3516 Lepide
381 3461 485 3513 namt,
516 3454 650 3516 quomodo
687 3455 824 3504 eohortem
841 3462 963 3518 reoeptns
983 3463 1032 3506 est.
1079 3448 1202 3506 ’restibus

136 3529 167 3580 Ρ.
188 3530 310 3593 ltnpillus
329 3531 384 3580 lter
403 3543 465 3580 eum
477 3528 569 3579 Persio
586 3541 650 3590 quo·
688 3529 842 3580 Scholiastis
867 3519 989 3582 liorstio'
1009 3533 1211 3594 ignobilitatem

30 3654 33 3660 ,
136 3606 200 3655 ulam
228 3606 411 3666 Clazomenis,
451 3605 543 3655 louioa
567 3605 648 3662 urbe,
688 3606 794 3666 generis
806 3619 886 3669 saepe
906 3609 1090 3670 exprobrarit3
1121 3623 1202 3671 quam

136 3695 227 3734 eoram
264 3683 302 3734 Μ.
333 3683 415 3736 Bruto
423 3717 436 3766 ⁹,
478 3685 650 3743 propraetore
688 3683 876 3736 contumeliam
904 3685 1008 3736 ulturus
1035 3685 1112 3746 pottts
1140 3699 1202 3736 enm
