2644 4112
139 111 191 192 ‘26
389 124 393 130 ’
496 148 632 208 uonnrn
653 111 853 196 suerranum

135 280 449 364 Appellutp'oetum
472 285 582 366 poter,
604 288 639 354 et
660 287 797 367 pultum.
817 285 900 350 melo
924 303 1049 369 paruus
1076 249 1083 262 .
1166 281 1204 343 45

135 394 172 462 st
195 400 248 464 eui
270 399 356 468 tilios
375 403 442 470 est,
465 404 501 474 nt
522 403 696 467 abortivus
715 403 779 471 fuit
800 391 875 468 olim

134 513 318 602 Sisyphum
340 518 436 586 liune-
449 537 564 585 verum
586 520 735 586 distortis
756 523 923 608 erurilrns3
945 523 1032 586 illum

133 635 284 699 Balbutit
304 655 469 719 scaurum,
486 641 607 722 ,pluvis
628 639 744 704 tultum
766 642 850 707 mele
871 642 959 707 tulis

133 753 272 818 Porcius
293 754 345 820 lde
367 757 467 822 vivit:
488 759 578 845 frugi
601 758 740 824 dicotur.
784 760 924 840 lneptus

132 871 178 934 ldt
201 873 449 964 iactantiorlrie
473 878 583 960 paullo
606 879 671 940 est:
694 877 875 943 concinnus
895 879 1008 943 amieis
1164 878 1203 936 50

134 991 287 1056 Postulat
309 995 345 1056 ut
368 967 530 1060 videatur.
573 993 694 1078 Atesi
717 997 935 1060 truculentior
956 999 1055 1079 alque
1300 979 1301 982 Ἴ

133 1110 215 1174 Plus
236 1127 341 1194 aequo
363 1111 460 1176 liber:
482 1113 622 1195 simplex
644 1097 1012 1196 fortisquehubeatur.

133 1226 267 1292 caldior
288 1232 358 1292 est:
380 1247 477 1294 acres
498 1232 586 1296 inter
608 1234 808 1296 numeretur.
851 1230 996 1316 opinor,

134 1348 227 1412 llaec
240 1367 304 1414 res
325 1351 359 1412 et
380 1349 505 1435 iungit,
527 1345 714 1414 innotosot
734 1354 849 1417 servat
870 1353 1003 1418 amieos.

134 1467 182 1532 At
203 1487 265 1532 nos
286 1471 428 1534 virtutes
449 1471 541 1552 ipsos
562 1471 756 1533 invertimus
778 1473 878 1552 atque
1164 1473 1202 1530 dt

94 1597 97 1602 '
134 1583 305 1654 Sineorum
328 1589 477 1669 cupimus
498 1605 561 1652 ves
582 1569 776 1654 incrustare.
819 1589 950 1654 Probus
971 1592 1044 1672 quis

102 1703 104 1712 '
132 1707 309 1773 Nobiscum
333 1708 432 1772 vivit:
454 1707 587 1772 multum
609 1707 770 1772 demissus
792 1706 906 1792 homo;
927 1709 973 1772 illi

185 1887 210 1920 v.
231 1871 275 1920 57.
293 1870 403 1919 muttum
421 1871 543 1918 demotus
561 1870 637 1918 tomo
653 1868 712 1918 ille:
731 1881 746 1918 e
765 1868 830 1919 Ctd.
850 1869 946 1920 Bland.
966 1871 1053 1921 Booti.

135 2011 217 2066 Cano.
231 2033 259 2044 —-
266 2003 378 2070 pultum]
389 2003 515 2069 «Antiqui
525 2018 649 2068 puerum,
688 2007 828 2058 esthemo.
858 2033 886 2046 -
916 2005 1037 2070 ineptus]
1066 2013 1205 2072 ‹megetio-

134 2099 215 2149 quem
228 2085 287 2147 quis
300 2084 416 2145 arnmot,
428 2084 599 2145 pollueretur
612 2083 650 2131 di·
688 2097 734 2134 sus
760 2085 881 2144 ardelio,
914 2086 960 2150 qui
990 2087 1068 2136 notris
1095 2103 1205 2151 operam

132 2165 257 2214 notant.»
277 2162 386 2210 Frsrus.
414 2162 550 2214 Meuius
562 2161 652 2209 Pullus
688 2174 765 2212 suam
778 2162 885 2211 iactat.»
904 2163 1001 2214 Ciodo
1011 2164 1058 2214 Or.
1071 2167 1098 2224 2,
1111 2167 1143 2216 d:
1163 2168 1206 2230 put

133 2242 195 2291 Cos.
209 2241 258 2290 luit
278 2253 305 2288 a.
322 2251 350 2288 u.
365 2238 425 2288 sot.
447 2264 476 2276 -
496 2233 650 2296 abortivus]
688 2246 735 2290 out
747 2246 846 2300 tompus
861 2241 1050 2302 quodpostulet
1062 2257 1116 2292 non
1127 2245 1205 2302 uidet,

134 2319 211 2384 quasi
224 2322 332 2380 propter
347 2317 471 2376 abortum
486 2321 601 2366 amatre
612 2315 652 2364 sa·
688 2323 735 2366 aut
754 2318 835 2378 pluro
851 2319 966 2380 loquum
985 2325 1033 2370 aut
1052 2334 1078 2369 re
1094 2326 1205 2371 astruat

134 2404 207 2448 etum
220 2394 456 2446 nauus-evasisset.
470 2417 503 2430 -
516 2390 650 2456 supparo]
688 2421 699 2431 -
710 2401 779 2443 -aut
792 2395 900 2458 donique
912 2397 941 2446 tn
957 2397 1045 2460 altune
1057 2411 1146 2460 penore
1160 2405 1206 2464 out

135 2477 197 2528 otti.
223 2473 341 2523 Antonio
368 2472 509 2524 triumuiro
539 2471 651 2533 pumilio
687 2475 856 2532 ineoprtnnus
873 2475 1027 2524 autmuttus
1043 2481 1096 2534 est,
1115 2477 1137 2526 is
1154 2477 1207 2524 tne-

133 2554 216 2602 luiese
230 2552 327 2602 dieltur
344 2551 414 2600 iutra
432 2550 582 2613 bipedalem
601 2554 652 2598 sta-
687 2557 748 2612 ptus
772 2552 877 2599 dicitur.
903 2574 933 2585 -
960 2549 1114 2614 emeritanus]
1144 2554 1207 2614 «qui

133 2637 235 2691 turem,
258 2642 338 2690 quem
363 2628 420 2692 ipse
444 2628 584 2691 Sisyphum
606 2641 652 2689 ap-
689 2627 809 2679 offioiosa
834 2628 974 2677 sedulitate
991 2633 1019 2676 et
1035 2628 1127 2690 lepore
1148 2643 1207 2680 sese

133 2709 252 2772 pellebat
271 2710 306 2758 ob
328 2707 430 2769 ingenii
449 2707 650 2756 calliditatem.»
690 2706 784 2756 amieis
814 2706 1005 2756 commendare
1030 2706 1146 2756 studet.»
1177 2731 1204 2741 -

134 2787 224 2840 Contu.
235 2787 318 2845 Cnun.
331 2811 358 2822 -
379 2783 485 2845 vorum]
507 2785 651 2834 introrsum
689 2778 812 2842 stmptea]
833 2783 956 2842 rapertus
970 2787 996 2830 et
1005 2782 1039 2830 ab
1048 2783 1124 2830 omni
1134 2796 1208 2832 men-

134 2865 241 2916 retortis
260 2864 380 2925 pedibus.
404 2887 435 2898 -
454 2853 589 2921 Rettulit]
607 2874 653 2908 ou·
690 2856 1069 2919 daotoalienus.».-catmor]
1089 2861 1208 2923 lttatp,

134 2942 250 2992 iusmodi
277 2939 458 3002 pronuntiatio
491 2938 576 2986 tenori
604 2937 653 2985 ali·
690 2950 762 2990 orer,
781 2938 901 2998 feurip.
1134 2973 1138 2982 .

133 3019 200 3084 quid
224 3015 363 3069 habetata
389 3014 487 3064 talibus
515 3009 652 3082 ὑποκορί·
724 3013 845 3062 56-58.
872 3010 1020 3074 strumum]
1041 3012 1208 3074 oddeoper·

133 3110 255 3159 σμασιν.
271 3088 448 3151 —nrouruml
478 3092 593 3140 «Scauri
614 3092 652 3139 di·
690 3090 880 3146 verri-sumus,
901 3094 965 3140 utet
980 3103 1078 3150 purum
1091 3102 1138 3139 ves
1151 3103 1210 3139 eor-

72 3165 75 3169 ’
135 3175 246 3228 cuntur,
270 3170 321 3230 'qui
340 3168 407 3232 talos
426 3168 525 3216 habent
545 3174 653 3217 exstan-
691 3171 768 3228 rupto
785 3166 875 3228 aliquo
895 3165 1000 3228 liquore
1022 3166 1135 3226 eiusque
1154 3165 1211 3214 sae.

135 3241 184 3297 t'es.
212 3249 309 3296 Senon.
340 3239 487 3306 Praecipua
505 3246 583 3292 hirtus
599 3245 652 3293 loci
691 3242 1211 3302 cttusohducereoupiamusn-Pro

136 3325 274 3376 urbanitas
300 3324 327 3371 in
349 3323 489 3381 eoinest,
517 3323 588 3384 qood
608 3336 662 3384 pam
691 3320 751 3384 tur]
777 3321 826 3368 «Si
848 3320 908 3382 quis
925 3318 1024 3381 Pf⁰h⁰⁸
1044 3313 1209 3380 (miletum.

132 3411 189 3455 tres
209 3403 251 3452 isti
270 3401 496 3461 indulgentissimi
509 3400 590 3454 simul
610 3412 654 3447 co·
691 3396 928 3466 anspruelttor)
965 3397 1106 3448 nobiseum
1128 3398 1209 3458 uiuit,

136 3480 310 3546 graminibus
332 3477 453 3539 gentium
471 3478 653 3534 Romanarum
679 3478 780 3528 'statim
799 3491 853 3526 non
872 3477 930 3526 sine
947 3481 1111 3538 contemptu,
1130 3476 1211 3524 «mut-

136 3560 200 3608 ortis
226 3557 318 3618 utiquo
348 3567 379 3604 ex
407 3554 560 3604 huiusmodi
583 3553 654 3604 vitiis
692 3555 890 3613 trtmdemtrrns,
904 3554 1033 3615 abieotus,
1048 3552 1212 3616 pusilliaui-

137 3640 258 3687 utuntur.
281 3655 309 3668 -
334 3630 419 3694 pupi]
448 3631 548 3680 Nouius
566 3629 654 3678 Bothii
692 3632 913 3691 milromoest,u
933 3632 1061 3688 dieimus3
1087 3630 1212 3704 similiter

138 3730 164 3776 p.
193 3709 361 3772 torspero
385 3723 438 3760 rem
461 3710 553 3772 foetet:
584 3708 654 3769 trapi
693 3709 714 3758 si
737 3709 796 3770 quis
815 3708 905 3771 paullo
919 3710 1019 3762 tardior
1032 3705 1211 3772 (vitupora-
