<?xml version="1.0" encoding="UTF-8"?>
<!DOCTYPE html PUBLIC "-//W3C//DTD XHTML 1.0 Transitional//EN"
    "http://www.w3.org/TR/xhtml1/DTD/xhtml1-transitional.dtd">
<html xmlns="http://www.w3.org/1999/xhtml" xml:lang="en" lang="en">
 <head>
  <title>
</title>
<meta http-equiv="Content-Type" content="text/html;charset=utf-8" />
  <meta name='ocr-system' content='tesseract 3.04.00' />
  <meta name='ocr-capabilities' content='ocr_page ocr_carea ocr_par ocr_line ocrx_word'/>
</head>
<body>
  <div class='ocr_page' id='page_1' title='image "./qhoratiusflaccu06flacgoog_0417.png"; bbox 0 0 2644 4112; ppageno 0'>
   <div class='ocr_carea' id='block_1_1' title="bbox 324 493 988 618">
    <p class='ocr_par' dir='ltr' id='par_1_1' title="bbox 324 493 988 618">
     <span class='ocr_line' id='line_1_1' title="bbox 324 493 988 618; baseline 0.002 -40"><span class='ocrx_word' id='word_1_1' title='bbox 324 499 388 598; x_wconf 69' lang='lat' dir='ltr'><strong>q·</strong></span> <span class='ocrx_word' id='word_1_2' title='bbox 411 493 713 618; x_wconf 73' lang='lat' dir='ltr'><strong>morsura</strong></span> <span class='ocrx_word' id='word_1_3' title='bbox 745 501 988 579; x_wconf 74' lang='lat' dir='ltr'><strong>runem</strong></span> 
     </span>
    </p>
   </div>
   <div class='ocr_carea' id='block_1_2' title="bbox 174 735 1141 902">
    <p class='ocr_par' dir='ltr' id='par_1_2' title="bbox 174 667 1251 902">
     <span class='ocr_line' id='line_1_2' title="bbox 174 735 1141 902; baseline 0.02 -44"><span class='ocrx_word' id='word_1_4' title='bbox 174 735 1141 902; x_wconf 61' lang='lat' dir='ltr'><strong>§sermenem</strong></span> 
     </span>
    </p>
   </div>
   <div class='ocr_carea' id='block_1_3' title="bbox 378 1039 948 1114">
    <p class='ocr_par' dir='ltr' id='par_1_3' title="bbox 378 1039 948 1114">
     <span class='ocr_line' id='line_1_3' title="bbox 378 1039 948 1114; baseline 0.018 -9"><span class='ocrx_word' id='word_1_5' title='bbox 378 1039 608 1110; x_wconf 72' lang='lat' dir='ltr'><strong>umen</strong></span> <span class='ocrx_word' id='word_1_6' title='bbox 645 1043 909 1114; x_wconf 70' lang='lat' dir='ltr'><strong>Fuluius.</strong></span> <span class='ocrx_word' id='word_1_7' title='bbox 944 1065 948 1073; x_wconf 86' lang='lat'><em>·</em></span> 
     </span>
    </p>
   </div>
   <div class='ocr_carea' id='block_1_4' title="bbox 555 1266 764 1278">
    <p class='ocr_par' dir='ltr' id='par_1_4' title="bbox 555 1266 764 1278">
     <span class='ocr_line' id='line_1_4' title="bbox 555 1266 764 1278; baseline 0.005 -3"><span class='ocrx_word' id='word_1_8' title='bbox 555 1266 764 1278; x_wconf 45' lang='grc' dir='ltr'><strong>...μ-...ὴ-κ</strong></span> 
     </span>
    </p>
   </div>
   <div class='ocr_carea' id='block_1_5' title="bbox 478 1449 830 1583">
    <p class='ocr_par' dir='ltr' id='par_1_5' title="bbox 478 1449 830 1583">
     <span class='ocr_line' id='line_1_5' title="bbox 478 1449 830 1583; baseline 0.006 -48"><span class='ocrx_word' id='word_1_9' title='bbox 478 1449 750 1583; x_wconf 76' lang='lat' dir='ltr'><strong>sn&#39;rrnu</strong></span> <span class='ocrx_word' id='word_1_10' title='bbox 784 1449 830 1538; x_wconf 86' lang='lat' dir='ltr'><strong>r.</strong></span> 
     </span>
    </p>
   </div>
   <div class='ocr_carea' id='block_1_6' title="bbox 160 1667 1192 1992">
    <p class='ocr_par' dir='ltr' id='par_1_6' title="bbox 160 1667 1192 1992">
     <span class='ocr_line' id='line_1_6' title="bbox 162 1667 1064 1754; baseline 0.008 -24"><span class='ocrx_word' id='word_1_11' title='bbox 162 1669 304 1748; x_wconf 68' lang='lat' dir='ltr'><strong>purus,</strong></span> <span class='ocrx_word' id='word_1_12' title='bbox 327 1669 527 1754; x_wconf 77' lang='lat' dir='ltr'><strong>Maecenas,</strong></span> <span class='ocrx_word' id='word_1_13' title='bbox 550 1677 585 1733; x_wconf 90' lang='lat' dir='ltr'><strong>ut</strong></span> <span class='ocrx_word' id='word_1_14' title='bbox 609 1689 719 1754; x_wconf 82' lang='lat' dir='ltr'><strong>nemo,</strong></span> <span class='ocrx_word' id='word_1_15' title='bbox 742 1687 837 1753; x_wconf 84' lang='lat' dir='ltr'><strong>quem</strong></span> <span class='ocrx_word' id='word_1_16' title='bbox 858 1673 922 1736; x_wconf 87' lang='lat' dir='ltr'><strong>sibi</strong></span> <span class='ocrx_word' id='word_1_17' title='bbox 942 1667 1064 1736; x_wconf 84' lang='lat' dir='ltr'><strong>sortem</strong></span> 
     </span>
     <span class='ocr_line' id='line_1_7' title="bbox 160 1784 1189 1892; baseline 0.005 -40"><span class='ocrx_word' id='word_1_18' title='bbox 160 1784 230 1852; x_wconf 81' lang='lat' dir='ltr'><strong>Seu</strong></span> <span class='ocrx_word' id='word_1_19' title='bbox 252 1789 337 1852; x_wconf 84' lang='lat' dir='ltr'><strong>rutio</strong></span> <span class='ocrx_word' id='word_1_20' title='bbox 360 1787 488 1853; x_wconf 78' lang='lat' dir='ltr'><strong>dederit</strong></span> <span class='ocrx_word' id='word_1_21' title='bbox 512 1810 575 1874; x_wconf 79' lang='lat' dir='ltr'><strong>seu</strong></span> <span class='ocrx_word' id='word_1_22' title='bbox 593 1792 664 1854; x_wconf 86' lang='lat' dir='ltr'><strong>iors</strong></span> <span class='ocrx_word' id='word_1_23' title='bbox 687 1791 860 1874; x_wconf 82' lang='lat' dir='ltr'><strong>obiecerit,</strong></span> <span class='ocrx_word' id='word_1_24' title='bbox 883 1792 939 1855; x_wconf 83' lang='lat' dir='ltr'><strong>ille</strong></span> <span class='ocrx_word' id='word_1_25' title='bbox 1186 1885 1189 1892; x_wconf 18' lang='grc' dir='ltr'><strong>Δ</strong></span> 
     </span>
     <span class='ocr_line' id='line_1_8' title="bbox 162 1898 1192 1992; baseline 0.004 -20"><span class='ocrx_word' id='word_1_26' title='bbox 162 1907 349 1972; x_wconf 77' lang='lat' dir='ltr'><strong>Contentus</strong></span> <span class='ocrx_word' id='word_1_27' title='bbox 370 1907 482 1986; x_wconf 73' lang='lat' dir='ltr'><strong>vivet,</strong></span> <span class='ocrx_word' id='word_1_28' title='bbox 505 1907 617 1974; x_wconf 82' lang='lat' dir='ltr'><strong>luudet</strong></span> <span class='ocrx_word' id='word_1_29' title='bbox 639 1908 771 1974; x_wconf 85' lang='lat' dir='ltr'><strong>diversa</strong></span> <span class='ocrx_word' id='word_1_30' title='bbox 793 1903 995 1992; x_wconf 71' lang='lat' dir='ltr'><strong>sequentes?</strong></span> <span class='ocrx_word' id='word_1_31' title='bbox 1072 1949 1081 1964; x_wconf 66' lang='lat'><strong>„</strong></span> <span class='ocrx_word' id='word_1_32' title='bbox 1124 1946 1130 1957; x_wconf 81' lang='lat'><em>-</em></span> <span class='ocrx_word' id='word_1_33' title='bbox 1189 1898 1192 1906; x_wconf 75' lang='grc'><strong>’</strong></span> 
     </span>
    </p>
   </div>
   <div class='ocr_carea' id='block_1_7' title="bbox 118 2117 1267 3804">
    <p class='ocr_par' dir='ltr' id='par_1_7' title="bbox 118 2117 1267 3648">
     <span class='ocr_line' id='line_1_9' title="bbox 154 2117 1191 2194; baseline 0.008 -22"><span class='ocrx_word' id='word_1_34' title='bbox 154 2125 176 2174; x_wconf 93' lang='lat'><strong>1.</strong></span> <span class='ocrx_word' id='word_1_35' title='bbox 210 2123 313 2176; x_wconf 79' lang='lat' dir='ltr'><strong>Festive</strong></span> <span class='ocrx_word' id='word_1_36' title='bbox 323 2127 494 2190; x_wconf 84' lang='lat' dir='ltr'><strong>reprehendit</strong></span> <span class='ocrx_word' id='word_1_37' title='bbox 511 2117 636 2189; x_wconf 55' lang='lat' dir='ltr'><strong>poenul</strong></span> <span class='ocrx_word' id='word_1_38' title='bbox 674 2127 751 2177; x_wconf 84' lang='lat' dir='ltr'><strong>merli</strong></span> <span class='ocrx_word' id='word_1_39' title='bbox 776 2127 833 2176; x_wconf 84' lang='lat' dir='ltr'><strong>Eel.</strong></span> <span class='ocrx_word' id='word_1_40' title='bbox 861 2127 904 2177; x_wconf 88' lang='grc'><strong>20.</strong></span> <span class='ocrx_word' id='word_1_41' title='bbox 933 2143 959 2192; x_wconf 88' lang='lat' dir='ltr'><strong>p.</strong></span> <span class='ocrx_word' id='word_1_42' title='bbox 984 2127 1045 2179; x_wconf 80' lang='grc'><strong>272.</strong></span> <span class='ocrx_word' id='word_1_43' title='bbox 1067 2129 1115 2194; x_wconf 80' lang='lat' dir='ltr'><strong>W.</strong></span> <span class='ocrx_word' id='word_1_44' title='bbox 1139 2119 1191 2182; x_wconf 80' lang='lat' dir='ltr'><strong>neo</strong></span> 
     </span>
     <span class='ocr_line' id='line_1_10' title="bbox 120 2193 1191 2273; baseline 0.007 -23"><span class='ocrx_word' id='word_1_45' title='bbox 120 2202 321 2252; x_wconf 80' lang='lat' dir='ltr'><strong>diculsmillum</strong></span> <span class='ocrx_word' id='word_1_46' title='bbox 333 2205 564 2273; x_wconf 75' lang='grc' dir='ltr'><em>μεμψιμοιρίαν,</em></span> <span class='ocrx_word' id='word_1_47' title='bbox 584 2213 648 2267; x_wconf 77' lang='lat' dir='ltr'><strong>qua·</strong></span> <span class='ocrx_word' id='word_1_48' title='bbox 673 2207 763 2253; x_wconf 82' lang='lat' dir='ltr'><strong>tamen</strong></span> <span class='ocrx_word' id='word_1_49' title='bbox 786 2204 914 2254; x_wconf 85' lang='lat' dir='ltr'><strong>credibile</strong></span> <span class='ocrx_word' id='word_1_50' title='bbox 935 2193 991 2266; x_wconf 72' lang='lat' dir='ltr'><strong>est,</strong></span> <span class='ocrx_word' id='word_1_51' title='bbox 1016 2207 1050 2254; x_wconf 83' lang='lat' dir='ltr'><strong>ub</strong></span> <span class='ocrx_word' id='word_1_52' title='bbox 1074 2207 1116 2255; x_wconf 86' lang='lat' dir='ltr'><strong>his</strong></span> <span class='ocrx_word' id='word_1_53' title='bbox 1144 2207 1191 2257; x_wconf 90' lang='lat' dir='ltr'><strong>So·</strong></span> 
     </span>
     <span class='ocr_line' id='line_1_11' title="bbox 121 2280 1189 2344; baseline 0.006 -17"><span class='ocrx_word' id='word_1_54' title='bbox 121 2280 241 2341; x_wconf 86' lang='lat' dir='ltr'><strong>plerique</strong></span> <span class='ocrx_word' id='word_1_55' title='bbox 256 2281 411 2344; x_wconf 81' lang='lat' dir='ltr'><strong>aequalium</strong></span> <span class='ocrx_word' id='word_1_56' title='bbox 430 2292 541 2332; x_wconf 87' lang='lat' dir='ltr'><strong>suorum</strong></span> <span class='ocrx_word' id='word_1_57' title='bbox 563 2282 640 2331; x_wconf 62' lang='lat' dir='ltr'><strong>labo-¹</strong></span> <span class='ocrx_word' id='word_1_58' title='bbox 673 2281 767 2342; x_wconf 89' lang='lat' dir='ltr'><strong>phistis</strong></span> <span class='ocrx_word' id='word_1_59' title='bbox 780 2295 898 2344; x_wconf 81' lang='lat' dir='ltr'><strong>uuquam</strong></span> <span class='ocrx_word' id='word_1_60' title='bbox 911 2281 995 2330; x_wconf 80' lang='lat' dir='ltr'><strong>lectus</strong></span> <span class='ocrx_word' id='word_1_61' title='bbox 1012 2295 1071 2331; x_wconf 87' lang='lat' dir='ltr'><strong>esse</strong></span> <span class='ocrx_word' id='word_1_62' title='bbox 1085 2283 1189 2334; x_wconf 77' lang='lat' dir='ltr'><strong>Horatii</strong></span> 
     </span>
     <span class='ocr_line' id='line_1_12' title="bbox 120 2345 1191 2426; baseline 0.006 -22"><span class='ocrx_word' id='word_1_63' title='bbox 120 2358 228 2416; x_wconf 79' lang='lat' dir='ltr'><strong>rebant,</strong></span> <span class='ocrx_word' id='word_1_64' title='bbox 254 2358 424 2406; x_wconf 83' lang='lat' dir='ltr'><strong>coniunctam</strong></span> <span class='ocrx_word' id='word_1_65' title='bbox 445 2371 552 2420; x_wconf 83' lang='lat' dir='ltr'><strong>semper</strong></span> <span class='ocrx_word' id='word_1_66' title='bbox 574 2371 635 2407; x_wconf 90' lang='lat' dir='ltr'><strong>cum</strong></span> <span class='ocrx_word' id='word_1_67' title='bbox 674 2358 778 2417; x_wconf 77' lang='lat' dir='ltr'><strong>seliros,</strong></span> <span class='ocrx_word' id='word_1_68' title='bbox 793 2358 895 2426; x_wconf 84' lang='lat' dir='ltr'><strong>sedvel</strong></span> <span class='ocrx_word' id='word_1_69' title='bbox 910 2371 976 2406; x_wconf 82' lang='lat' dir='ltr'><strong>cusu</strong></span> <span class='ocrx_word' id='word_1_70' title='bbox 986 2358 1012 2406; x_wconf 90' lang='lat' dir='ltr'><strong>iu</strong></span> <span class='ocrx_word' id='word_1_71' title='bbox 1023 2359 1139 2408; x_wconf 88' lang='lat' dir='ltr'><strong>eundem</strong></span> <span class='ocrx_word' id='word_1_72' title='bbox 1152 2345 1191 2410; x_wconf 45' lang='lat' dir='ltr'><strong>lo?</strong></span> 
     </span>
     <span class='ocr_line' id='line_1_13' title="bbox 119 2434 1189 2499; baseline 0.003 -17"><span class='ocrx_word' id='word_1_73' title='bbox 119 2435 175 2482; x_wconf 81' lang='lat' dir='ltr'><strong>acri</strong></span> <span class='ocrx_word' id='word_1_74' title='bbox 189 2435 216 2482; x_wconf 90' lang='lat' dir='ltr'><strong>iu</strong></span> <span class='ocrx_word' id='word_1_75' title='bbox 235 2447 280 2483; x_wconf 87' lang='lat' dir='ltr'><strong>eos</strong></span> <span class='ocrx_word' id='word_1_76' title='bbox 302 2435 419 2495; x_wconf 83' lang='lat' dir='ltr'><strong>inuidia,</strong></span> <span class='ocrx_word' id='word_1_77' title='bbox 440 2436 536 2496; x_wconf 90' lang='lat' dir='ltr'><strong>quibus</strong></span> <span class='ocrx_word' id='word_1_78' title='bbox 556 2449 587 2483; x_wconf 82' lang='lat' dir='ltr'><strong>ex</strong></span> <span class='ocrx_word' id='word_1_79' title='bbox 601 2435 636 2482; x_wconf 93' lang='lat' dir='ltr'><strong>il-</strong></span> <span class='ocrx_word' id='word_1_80' title='bbox 673 2449 735 2483; x_wconf 90' lang='lat' dir='ltr'><strong>cum</strong></span> <span class='ocrx_word' id='word_1_81' title='bbox 755 2434 907 2484; x_wconf 86' lang='lat' dir='ltr'><strong>inciderunt</strong></span> <span class='ocrx_word' id='word_1_82' title='bbox 924 2435 967 2484; x_wconf 87' lang='lat' dir='ltr'><strong>vel</strong></span> <span class='ocrx_word' id='word_1_83' title='bbox 985 2436 1121 2499; x_wconf 75' lang='lat' dir='ltr'><strong>antiquius</strong></span> <span class='ocrx_word' id='word_1_84' title='bbox 1141 2437 1189 2485; x_wconf 81' lang='lat' dir='ltr'><strong>uli·</strong></span> 
     </span>
     <span class='ocr_line' id='line_1_14' title="bbox 119 2501 1267 2574; baseline 0.003 -15"><span class='ocrx_word' id='word_1_85' title='bbox 119 2513 207 2560; x_wconf 90' lang='lat' dir='ltr'><strong>lorum</strong></span> <span class='ocrx_word' id='word_1_86' title='bbox 229 2513 356 2573; x_wconf 88' lang='lat' dir='ltr'><strong>opinione</strong></span> <span class='ocrx_word' id='word_1_87' title='bbox 373 2512 471 2561; x_wconf 89' lang='lat' dir='ltr'><strong>melior</strong></span> <span class='ocrx_word' id='word_1_88' title='bbox 491 2526 548 2562; x_wconf 89' lang='lat' dir='ltr'><strong>sors</strong></span> <span class='ocrx_word' id='word_1_89' title='bbox 569 2512 635 2562; x_wconf 86' lang='lat' dir='ltr'><strong>obti-</strong></span> <span class='ocrx_word' id='word_1_90' title='bbox 673 2513 745 2574; x_wconf 88' lang='lat' dir='ltr'><strong>quod</strong></span> <span class='ocrx_word' id='word_1_91' title='bbox 758 2513 894 2574; x_wconf 82' lang='lat' dir='ltr'><strong>exemplar</strong></span> <span class='ocrx_word' id='word_1_92' title='bbox 906 2511 1038 2561; x_wconf 81' lang='lat' dir='ltr'><strong>Graecum</strong></span> <span class='ocrx_word' id='word_1_93' title='bbox 1050 2518 1113 2563; x_wconf 79' lang='lat' dir='ltr'><strong>ente</strong></span> <span class='ocrx_word' id='word_1_94' title='bbox 1127 2527 1190 2562; x_wconf 89' lang='lat' dir='ltr'><strong>ocu·</strong></span> <span class='ocrx_word' id='word_1_95' title='bbox 1262 2501 1267 2522; x_wconf 80' lang='lat'><em>&#39;</em></span> 
     </span>
     <span class='ocr_line' id='line_1_15' title="bbox 119 2587 1190 2651; baseline 0.004 -13"><span class='ocrx_word' id='word_1_96' title='bbox 119 2595 205 2650; x_wconf 77' lang='lat' dir='ltr'><strong>geret.</strong></span> <span class='ocrx_word' id='word_1_97' title='bbox 243 2591 328 2638; x_wconf 88' lang='lat' dir='ltr'><strong>lluius</strong></span> <span class='ocrx_word' id='word_1_98' title='bbox 346 2595 434 2644; x_wconf 80' lang='lat' dir='ltr'><strong>eutem</strong></span> <span class='ocrx_word' id='word_1_99' title='bbox 448 2591 550 2650; x_wconf 82' lang='lat' dir='ltr'><strong>morbi,</strong></span> <span class='ocrx_word' id='word_1_100' title='bbox 571 2603 635 2638; x_wconf 82' lang='lat' dir='ltr'><strong>sune</strong></span> <span class='ocrx_word' id='word_1_101' title='bbox 672 2591 713 2640; x_wconf 91' lang='lat' dir='ltr'><strong>los</strong></span> <span class='ocrx_word' id='word_1_102' title='bbox 741 2590 902 2639; x_wconf 78' lang='lat' dir='ltr'><strong>habuerunt.</strong></span> <span class='ocrx_word' id='word_1_103' title='bbox 931 2613 961 2623; x_wconf 95' lang='lat'>-</span> <span class='ocrx_word' id='word_1_104' title='bbox 989 2587 1101 2651; x_wconf 78' lang='lat' dir='ltr'><strong>sortem]</strong></span> <span class='ocrx_word' id='word_1_105' title='bbox 1131 2591 1190 2641; x_wconf 82' lang='lat' dir='ltr'><strong>uui-</strong></span> 
     </span>
     <span class='ocr_line' id='line_1_16' title="bbox 119 2667 1188 2730; baseline 0.001 -15"><span class='ocrx_word' id='word_1_106' title='bbox 119 2667 162 2715; x_wconf 85' lang='lat' dir='ltr'><strong>vel</strong></span> <span class='ocrx_word' id='word_1_107' title='bbox 187 2667 296 2716; x_wconf 81' lang='lat' dir='ltr'><strong>maximi</strong></span> <span class='ocrx_word' id='word_1_108' title='bbox 321 2668 391 2718; x_wconf 81' lang='lat' dir='ltr'><strong>vitoe</strong></span> <span class='ocrx_word' id='word_1_109' title='bbox 414 2669 507 2717; x_wconf 78' lang='lat' dir='ltr'><strong>beatae</strong></span> <span class='ocrx_word' id='word_1_110' title='bbox 525 2669 635 2730; x_wconf 86' lang='lat' dir='ltr'><strong>impedi·</strong></span> <span class='ocrx_word' id='word_1_111' title='bbox 673 2671 716 2717; x_wconf 78' lang='lat' dir='ltr'><strong>ree</strong></span> <span class='ocrx_word' id='word_1_112' title='bbox 729 2679 828 2728; x_wconf 77' lang='lat' dir='ltr'><strong>genus,</strong></span> <span class='ocrx_word' id='word_1_113' title='bbox 849 2667 1032 2728; x_wconf 90' lang='lat' dir='ltr'><strong>quodcertum</strong></span> <span class='ocrx_word' id='word_1_114' title='bbox 1047 2668 1188 2717; x_wconf 89' lang='lat' dir='ltr'><strong>consilium</strong></span> 
     </span>
     <span class='ocr_line' id='line_1_17' title="bbox 118 2743 1191 2814; baseline 0 -22"><span class='ocrx_word' id='word_1_115' title='bbox 118 2745 219 2803; x_wconf 87' lang='lat' dir='ltr'><strong>menti,</strong></span> <span class='ocrx_word' id='word_1_116' title='bbox 247 2746 419 2807; x_wconf 77' lang='lat' dir='ltr'><strong>praecipuam</strong></span> <span class='ocrx_word' id='word_1_117' title='bbox 438 2759 547 2794; x_wconf 84' lang='lat' dir='ltr'><strong>oeusum</strong></span> <span class='ocrx_word' id='word_1_118' title='bbox 565 2747 636 2794; x_wconf 89' lang='lat' dir='ltr'><strong>banc</strong></span> <span class='ocrx_word' id='word_1_119' title='bbox 673 2749 827 2794; x_wconf 80' lang='lat' dir='ltr'><strong>constanter</strong></span> <span class='ocrx_word' id='word_1_120' title='bbox 851 2743 934 2792; x_wconf 87' lang='lat' dir='ltr'><strong>secuti</strong></span> <span class='ocrx_word' id='word_1_121' title='bbox 960 2743 1022 2792; x_wconf 87' lang='lat' dir='ltr'><strong>iude</strong></span> <span class='ocrx_word' id='word_1_122' title='bbox 1043 2744 1076 2794; x_wconf 82' lang='lat' dir='ltr'><strong>ub</strong></span> <span class='ocrx_word' id='word_1_123' title='bbox 1102 2747 1191 2814; x_wconf 74' lang='lat' dir='ltr'><strong>aetate</strong></span> 
     </span>
     <span class='ocr_line' id='line_1_18' title="bbox 119 2817 1190 2885; baseline 0.001 -16"><span class='ocrx_word' id='word_1_124' title='bbox 119 2834 178 2870; x_wconf 86' lang='lat' dir='ltr'><strong>esse</strong></span> <span class='ocrx_word' id='word_1_125' title='bbox 200 2821 277 2880; x_wconf 86' lang='lat' dir='ltr'><strong>dicit,</strong></span> <span class='ocrx_word' id='word_1_126' title='bbox 310 2823 381 2883; x_wconf 86' lang='lat' dir='ltr'><strong>quod</strong></span> <span class='ocrx_word' id='word_1_127' title='bbox 401 2822 501 2883; x_wconf 78' lang='lat' dir='ltr'><strong>insigni</strong></span> <span class='ocrx_word' id='word_1_128' title='bbox 520 2823 635 2885; x_wconf 82' lang='lat' dir='ltr'><strong>quedem</strong></span> <span class='ocrx_word' id='word_1_129' title='bbox 673 2821 764 2870; x_wconf 77' lang='lat' dir='ltr'><strong>adulte</strong></span> <span class='ocrx_word' id='word_1_130' title='bbox 782 2821 959 2882; x_wconf 82' lang='lat' dir='ltr'><strong>delegimus.»</strong></span> <span class='ocrx_word' id='word_1_131' title='bbox 981 2843 1011 2854; x_wconf 96' lang='lat'>-</span> <span class='ocrx_word' id='word_1_132' title='bbox 1034 2817 1109 2883; x_wconf 74' lang='lat' dir='ltr'><strong>[ors]</strong></span> <span class='ocrx_word' id='word_1_133' title='bbox 1137 2819 1190 2870; x_wconf 85' lang='lat' dir='ltr'><strong>ulu</strong></span> 
     </span>
     <span class='ocr_line' id='line_1_19' title="bbox 119 2897 1191 2971; baseline 0.002 -27"><span class='ocrx_word' id='word_1_134' title='bbox 119 2897 231 2946; x_wconf 75' lang='lat' dir='ltr'><strong>stultitia</strong></span> <span class='ocrx_word' id='word_1_135' title='bbox 261 2899 364 2960; x_wconf 75' lang='lat' dir='ltr'><strong>abrepti</strong></span> <span class='ocrx_word' id='word_1_136' title='bbox 397 2898 524 2961; x_wconf 82' lang='lat' dir='ltr'><strong>permulti</strong></span> <span class='ocrx_word' id='word_1_137' title='bbox 554 2903 635 2947; x_wconf 76' lang='lat' dir='ltr'><strong>tolum</strong></span> <span class='ocrx_word' id='word_1_138' title='bbox 674 2900 720 2946; x_wconf 70' lang='lat' dir='ltr'><strong>icoc</strong></span> <span class='ocrx_word' id='word_1_139' title='bbox 742 2898 880 2957; x_wconf 80' lang='lat' dir='ltr'><strong>uocabulo,</strong></span> <span class='ocrx_word' id='word_1_140' title='bbox 912 2902 940 2947; x_wconf 90' lang='lat' dir='ltr'><strong>ut</strong></span> <span class='ocrx_word' id='word_1_141' title='bbox 969 2899 1007 2946; x_wconf 82' lang='lat' dir='ltr'><strong>uit</strong></span> <span class='ocrx_word' id='word_1_142' title='bbox 1036 2897 1129 2946; x_wconf 84' lang='lat' dir='ltr'><strong>Cicero</strong></span> <span class='ocrx_word' id='word_1_143' title='bbox 1157 2897 1191 2971; x_wconf 76' lang='lat' dir='ltr'><strong>de</strong></span> 
     </span>
     <span class='ocr_line' id='line_1_20' title="bbox 120 2963 1253 3038; baseline -0.002 -15"><span class='ocrx_word' id='word_1_144' title='bbox 120 2987 167 3036; x_wconf 89' lang='lat' dir='ltr'><strong>per</strong></span> <span class='ocrx_word' id='word_1_145' title='bbox 179 2963 262 3025; x_wconf 74' lang='lat' dir='ltr'><strong>&#39;vitam</strong></span> <span class='ocrx_word' id='word_1_146' title='bbox 275 2976 342 3023; x_wconf 90' lang='lat' dir='ltr'><strong>nibil</strong></span> <span class='ocrx_word' id='word_1_147' title='bbox 356 2975 428 3026; x_wconf 88' lang='lat' dir='ltr'><strong>uliud</strong></span> <span class='ocrx_word' id='word_1_148' title='bbox 438 2981 535 3037; x_wconf 77' lang='lat' dir='ltr'><strong>agent,</strong></span> <span class='ocrx_word' id='word_1_149' title='bbox 556 2989 636 3038; x_wconf 86' lang='lat' dir='ltr'><strong>quem</strong></span> <span class='ocrx_word' id='word_1_150' title='bbox 675 2974 757 3035; x_wconf 78' lang='lat' dir='ltr'><strong>Logg.</strong></span> <span class='ocrx_word' id='word_1_151' title='bbox 771 2977 797 3034; x_wconf 83' lang='grc'><strong>2,</strong></span> <span class='ocrx_word' id='word_1_152' title='bbox 816 2975 858 3030; x_wconf 87' lang='grc'><strong>11,</strong></span> <span class='ocrx_word' id='word_1_153' title='bbox 877 2974 937 3033; x_wconf 86' lang='grc'><strong>28.,</strong></span> <span class='ocrx_word' id='word_1_154' title='bbox 955 2975 1047 3022; x_wconf 79' lang='lat' dir='ltr'><strong>incerti</strong></span> <span class='ocrx_word' id='word_1_155' title='bbox 1068 2987 1142 3023; x_wconf 74' lang='lat' dir='ltr'><strong>cassu</strong></span> <span class='ocrx_word' id='word_1_156' title='bbox 1157 2975 1190 3022; x_wconf 77' lang='lat' dir='ltr'><strong>ri·</strong></span> <span class='ocrx_word' id='word_1_157' title='bbox 1248 2991 1253 2996; x_wconf 92' lang='lat'><em>·</em></span> 
     </span>
     <span class='ocr_line' id='line_1_21' title="bbox 120 3041 1190 3114; baseline 0.002 -16"><span class='ocrx_word' id='word_1_158' title='bbox 120 3055 149 3098; x_wconf 91' lang='lat' dir='ltr'><strong>ut</strong></span> <span class='ocrx_word' id='word_1_159' title='bbox 184 3055 346 3113; x_wconf 80' lang='lat' dir='ltr'><strong>quocunque</strong></span> <span class='ocrx_word' id='word_1_160' title='bbox 383 3053 463 3101; x_wconf 90' lang='lat' dir='ltr'><strong>modo</strong></span> <span class='ocrx_word' id='word_1_161' title='bbox 492 3041 635 3114; x_wconf 81' lang='lat' dir='ltr'><strong>pecuniam</strong></span> <span class='ocrx_word' id='word_1_162' title='bbox 674 3047 1058 3114; x_wconf 74' lang='lat' dir='ltr'><strong>purificanturmugis.-tlla]</strong></span> <span class='ocrx_word' id='word_1_163' title='bbox 1079 3053 1190 3101; x_wconf 77' lang='lat' dir='ltr'><strong>«eedem</strong></span> 
     </span>
     <span class='ocr_line' id='line_1_22' title="bbox 120 3125 1193 3198; baseline 0.001 -23"><span class='ocrx_word' id='word_1_164' title='bbox 120 3129 272 3198; x_wconf 79' lang='lat' dir='ltr'><strong>corradunt,</strong></span> <span class='ocrx_word' id='word_1_165' title='bbox 293 3129 450 3190; x_wconf 78' lang='lat' dir='ltr'><strong>conquisitis</strong></span> <span class='ocrx_word' id='word_1_166' title='bbox 466 3133 554 3177; x_wconf 83' lang='lat' dir='ltr'><strong>temen</strong></span> <span class='ocrx_word' id='word_1_167' title='bbox 569 3141 635 3176; x_wconf 89' lang='lat' dir='ltr'><strong>nun·</strong></span> <span class='ocrx_word' id='word_1_168' title='bbox 675 3129 737 3182; x_wconf 84' lang='lat' dir='ltr'><strong>illu,</strong></span> <span class='ocrx_word' id='word_1_169' title='bbox 757 3141 809 3189; x_wconf 78' lang='lat' dir='ltr'><strong>que</strong></span> <span class='ocrx_word' id='word_1_170' title='bbox 830 3129 913 3178; x_wconf 88' lang='lat' dir='ltr'><strong>semel</strong></span> <span class='ocrx_word' id='word_1_171' title='bbox 931 3129 1041 3178; x_wconf 77' lang='lat' dir='ltr'><strong>utitur.»</strong></span> <span class='ocrx_word' id='word_1_172' title='bbox 1081 3125 1138 3178; x_wconf 77' lang='lat' dir='ltr'><strong>lilla</strong></span> <span class='ocrx_word' id='word_1_173' title='bbox 1153 3129 1193 3177; x_wconf 90' lang='lat' dir='ltr'><strong>ni·</strong></span> 
     </span>
     <span class='ocr_line' id='line_1_23' title="bbox 120 3199 1192 3266; baseline 0.001 -14"><span class='ocrx_word' id='word_1_174' title='bbox 120 3199 343 3266; x_wconf 80' lang='lat' dir='ltr'><strong>quamsruentur‚</strong></span> <span class='ocrx_word' id='word_1_175' title='bbox 362 3207 427 3254; x_wconf 91' lang='lat' dir='ltr'><strong>iliud</strong></span> <span class='ocrx_word' id='word_1_176' title='bbox 438 3207 566 3255; x_wconf 85' lang='lat' dir='ltr'><strong>nimirum</strong></span> <span class='ocrx_word' id='word_1_177' title='bbox 576 3219 637 3253; x_wconf 83' lang='lat' dir='ltr'><strong>cuu-</strong></span> <span class='ocrx_word' id='word_1_178' title='bbox 675 3205 727 3252; x_wconf 90' lang='lat' dir='ltr'><strong>mis</strong></span> <span class='ocrx_word' id='word_1_179' title='bbox 753 3203 887 3252; x_wconf 82' lang='lat' dir='ltr'><strong>infinitum</strong></span> <span class='ocrx_word' id='word_1_180' title='bbox 908 3211 948 3253; x_wconf 86' lang='lat' dir='ltr'><strong>est</strong></span> <span class='ocrx_word' id='word_1_181' title='bbox 969 3217 1020 3254; x_wconf 88' lang='lat' dir='ltr'><strong>nec</strong></span> <span class='ocrx_word' id='word_1_182' title='bbox 1045 3207 1108 3255; x_wconf 83' lang='lat' dir='ltr'><strong>setis</strong></span> <span class='ocrx_word' id='word_1_183' title='bbox 1129 3219 1192 3255; x_wconf 90' lang='lat' dir='ltr'><strong>con·</strong></span> 
     </span>
     <span class='ocr_line' id='line_1_24' title="bbox 120 3277 1252 3347; baseline 0.004 -18"><span class='ocrx_word' id='word_1_184' title='bbox 120 3283 169 3330; x_wconf 85' lang='lat' dir='ltr'><strong>suti</strong></span> <span class='ocrx_word' id='word_1_185' title='bbox 178 3318 185 3341; x_wconf 92' lang='lat'><strong><em>,</em></strong></span> <span class='ocrx_word' id='word_1_186' title='bbox 206 3295 235 3330; x_wconf 87' lang='lat' dir='ltr'><strong>se</strong></span> <span class='ocrx_word' id='word_1_187' title='bbox 253 3282 374 3344; x_wconf 79' lang='lat' dir='ltr'><strong>placidus</strong></span> <span class='ocrx_word' id='word_1_188' title='bbox 396 3284 540 3332; x_wconf 85' lang='lat' dir='ltr'><strong>senectutis</strong></span> <span class='ocrx_word' id='word_1_189' title='bbox 554 3283 637 3344; x_wconf 87' lang='lat' dir='ltr'><strong>quieti</strong></span> <span class='ocrx_word' id='word_1_190' title='bbox 675 3281 747 3342; x_wconf 80' lang='lat' dir='ltr'><strong>gruit</strong></span> <span class='ocrx_word' id='word_1_191' title='bbox 758 3294 853 3330; x_wconf 78' lang='lat' dir='ltr'><strong>cumr.</strong></span> <span class='ocrx_word' id='word_1_192' title='bbox 863 3295 952 3344; x_wconf 83' lang='lat' dir='ltr'><strong>quam.</strong></span> <span class='ocrx_word' id='word_1_193' title='bbox 967 3305 997 3316; x_wconf 87' lang='lat'><strong>-·</strong></span> <span class='ocrx_word' id='word_1_194' title='bbox 1016 3281 1121 3344; x_wconf 76' lang='lat' dir='ltr'><strong>laudet]</strong></span> <span class='ocrx_word' id='word_1_195' title='bbox 1133 3277 1193 3347; x_wconf 78' lang='grc' dir='ltr'><strong>’μα-</strong></span> <span class='ocrx_word' id='word_1_196' title='bbox 1250 3293 1252 3296; x_wconf 86' lang='grc'><strong><em>·</em></strong></span> 
     </span>
     <span class='ocr_line' id='line_1_25' title="bbox 121 3357 1192 3428; baseline 0.001 -22"><span class='ocrx_word' id='word_1_197' title='bbox 121 3371 202 3420; x_wconf 86' lang='lat' dir='ltr'><strong>nunc,</strong></span> <span class='ocrx_word' id='word_1_198' title='bbox 217 3373 279 3408; x_wconf 87' lang='lat' dir='ltr'><strong>cum</strong></span> <span class='ocrx_word' id='word_1_199' title='bbox 291 3365 396 3421; x_wconf 81' lang='lat' dir='ltr'><strong>tempus</strong></span> <span class='ocrx_word' id='word_1_200' title='bbox 410 3361 452 3418; x_wconf 85' lang='lat' dir='ltr'><strong>sit,</strong></span> <span class='ocrx_word' id='word_1_201' title='bbox 473 3361 636 3421; x_wconf 79' lang='lat' dir='ltr'><strong>prospicere.</strong></span> <span class='ocrx_word' id='word_1_202' title='bbox 675 3358 802 3424; x_wconf 68' lang='grc' dir='ltr'><strong>καρίζει.</strong></span> <span class='ocrx_word' id='word_1_203' title='bbox 839 3357 961 3428; x_wconf 82' lang='lat' dir='ltr'><strong>Ceterum</strong></span> <span class='ocrx_word' id='word_1_204' title='bbox 998 3369 1047 3419; x_wconf 87' lang='lat' dir='ltr'><strong>per</strong></span> <span class='ocrx_word' id='word_1_205' title='bbox 1080 3366 1192 3420; x_wconf 73' lang='lat' dir='ltr'><strong>zeugma</strong></span> 
     </span>
     <span class='ocr_line' id='line_1_26' title="bbox 120 3433 1194 3498; baseline 0.001 -16"><span class='ocrx_word' id='word_1_206' title='bbox 120 3435 225 3484; x_wconf 84' lang='lat' dir='ltr'><strong>Primus</strong></span> <span class='ocrx_word' id='word_1_207' title='bbox 239 3441 328 3486; x_wconf 82' lang='lat' dir='ltr'><strong>eutem</strong></span> <span class='ocrx_word' id='word_1_208' title='bbox 342 3448 439 3495; x_wconf 78' lang='lat' dir='ltr'><strong>eunus,</strong></span> <span class='ocrx_word' id='word_1_209' title='bbox 453 3450 505 3498; x_wconf 92' lang='lat' dir='ltr'><strong>quo</strong></span> <span class='ocrx_word' id='word_1_210' title='bbox 518 3435 586 3484; x_wconf 82' lang='lat' dir='ltr'><strong>boec</strong></span> <span class='ocrx_word' id='word_1_211' title='bbox 599 3449 637 3484; x_wconf 81' lang='lat' dir='ltr'><strong>su·</strong></span> <span class='ocrx_word' id='word_1_212' title='bbox 676 3444 761 3481; x_wconf 88' lang='lat' dir='ltr'><strong>uuum</strong></span> <span class='ocrx_word' id='word_1_213' title='bbox 792 3433 941 3481; x_wconf 86' lang='lat' dir='ltr'><strong>subiectum</strong></span> <span class='ocrx_word' id='word_1_214' title='bbox 970 3439 1044 3482; x_wconf 83' lang='lat' dir='ltr'><strong>nemo</strong></span> <span class='ocrx_word' id='word_1_215' title='bbox 1078 3433 1194 3484; x_wconf 87' lang='lat' dir='ltr'><strong>reiertur</strong></span> 
     </span>
     <span class='ocr_line' id='line_1_27' title="bbox 121 3509 1219 3574; baseline 0.001 -15"><span class='ocrx_word' id='word_1_216' title='bbox 121 3512 171 3560; x_wconf 82' lang='lat' dir='ltr'><strong>lira</strong></span> <span class='ocrx_word' id='word_1_217' title='bbox 181 3513 306 3573; x_wconf 86' lang='lat' dir='ltr'><strong>componi</strong></span> <span class='ocrx_word' id='word_1_218' title='bbox 320 3511 417 3574; x_wconf 82' lang='lat' dir='ltr'><strong>potuit,</strong></span> <span class='ocrx_word' id='word_1_219' title='bbox 437 3513 524 3562; x_wconf 87' lang='lat' dir='ltr'><strong>iuitu.</strong></span> <span class='ocrx_word' id='word_1_220' title='bbox 538 3526 563 3560; x_wconf 89' lang='lat' dir='ltr'><strong>c.</strong></span> <span class='ocrx_word' id='word_1_221' title='bbox 577 3512 638 3560; x_wconf 80' lang='lat'>716.</span> <span class='ocrx_word' id='word_1_222' title='bbox 677 3510 758 3558; x_wconf 82' lang='lat' dir='ltr'><strong>etium</strong></span> <span class='ocrx_word' id='word_1_223' title='bbox 774 3509 807 3557; x_wconf 83' lang='lat' dir='ltr'><strong>ud</strong></span> <span class='ocrx_word' id='word_1_224' title='bbox 820 3523 846 3558; x_wconf 83' lang='lat' dir='ltr'><strong>v.</strong></span> <span class='ocrx_word' id='word_1_225' title='bbox 861 3509 963 3564; x_wconf 81' lang='lat' dir='ltr'><strong>laudet.</strong></span> <span class='ocrx_word' id='word_1_226' title='bbox 984 3509 1060 3572; x_wconf 80' lang='lat' dir='ltr'><strong>quasi</strong></span> <span class='ocrx_word' id='word_1_227' title='bbox 1073 3509 1136 3558; x_wconf 83' lang='lat' dir='ltr'><strong>huic</strong></span> <span class='ocrx_word' id='word_1_228' title='bbox 1149 3512 1194 3558; x_wconf 82' lang='lat' dir='ltr'><strong>ud·</strong></span> <span class='ocrx_word' id='word_1_229' title='bbox 1216 3556 1219 3560; x_wconf 90' lang='lat'><em>.</em></span> 
     </span>
     <span class='ocr_line' id='line_1_28' title="bbox 120 3585 1193 3648; baseline -0.003 -12"><span class='ocrx_word' id='word_1_230' title='bbox 120 3589 287 3636; x_wconf 85' lang='lat' dir='ltr'><strong>Kircbnerus</strong></span> <span class='ocrx_word' id='word_1_231' title='bbox 300 3588 383 3636; x_wconf 81' lang='lat' dir='ltr'><strong>refert</strong></span> <span class='ocrx_word' id='word_1_232' title='bbox 400 3589 434 3637; x_wconf 83' lang='lat' dir='ltr'><strong>ed</strong></span> <span class='ocrx_word' id='word_1_233' title='bbox 453 3603 478 3637; x_wconf 86' lang='lat' dir='ltr'><strong>u.</strong></span> <span class='ocrx_word' id='word_1_234' title='bbox 496 3603 524 3636; x_wconf 87' lang='lat' dir='ltr'><strong>u.</strong></span> <span class='ocrx_word' id='word_1_235' title='bbox 539 3601 563 3636; x_wconf 89' lang='lat' dir='ltr'><strong>c.</strong></span> <span class='ocrx_word' id='word_1_236' title='bbox 577 3587 639 3636; x_wconf 73' lang='lat' dir='ltr'><strong>lle.</strong></span> <span class='ocrx_word' id='word_1_237' title='bbox 678 3587 785 3634; x_wconf 89' lang='lat' dir='ltr'><strong>deretur</strong></span> <span class='ocrx_word' id='word_1_238' title='bbox 795 3587 862 3634; x_wconf 81' lang='lat' dir='ltr'><strong>idem</strong></span> <span class='ocrx_word' id='word_1_239' title='bbox 880 3586 1010 3634; x_wconf 67' lang='lat' dir='ltr'><strong>benerei</strong></span> <span class='ocrx_word' id='word_1_240' title='bbox 1027 3585 1141 3648; x_wconf 79' lang='lat' dir='ltr'><strong>quisque.</strong></span> <span class='ocrx_word' id='word_1_241' title='bbox 1163 3609 1193 3622; x_wconf 89' lang='lat'><strong>·-</strong></span> 
     </span>
    </p>

    <p class='ocr_par' dir='ltr' id='par_1_8' title="bbox 120 3659 1194 3804">
     <span class='ocr_line' id='line_1_29' title="bbox 166 3659 1194 3724; baseline -0.002 -12"><span class='ocrx_word' id='word_1_242' title='bbox 166 3664 257 3713; x_wconf 79' lang='lat'><strong>1-3.</strong></span> <span class='ocrx_word' id='word_1_243' title='bbox 306 3663 413 3712; x_wconf 83' lang='lat' dir='ltr'><strong>Similes</strong></span> <span class='ocrx_word' id='word_1_244' title='bbox 444 3669 505 3713; x_wconf 86' lang='lat' dir='ltr'><strong>sunt</strong></span> <span class='ocrx_word' id='word_1_245' title='bbox 531 3665 640 3712; x_wconf 78' lang='lat' dir='ltr'><strong>exordio</strong></span> <span class='ocrx_word' id='word_1_246' title='bbox 677 3659 793 3722; x_wconf 83' lang='lat' dir='ltr'><strong>diuerso]</strong></span> <span class='ocrx_word' id='word_1_247' title='bbox 813 3671 939 3723; x_wconf 79' lang='lat' dir='ltr'><strong>«prorsus</strong></span> <span class='ocrx_word' id='word_1_248' title='bbox 954 3663 1076 3724; x_wconf 76' lang='lat' dir='ltr'><strong>oppositu</strong></span> <span class='ocrx_word' id='word_1_249' title='bbox 1089 3665 1116 3711; x_wconf 82' lang='lat' dir='ltr'><strong>el</strong></span> <span class='ocrx_word' id='word_1_250' title='bbox 1131 3674 1194 3710; x_wconf 84' lang='lat' dir='ltr'><strong>con·</strong></span> 
     </span>
     <span class='ocr_line' id='line_1_30' title="bbox 120 3731 966 3804; baseline -0.006 -17"><span class='ocrx_word' id='word_1_251' title='bbox 120 3741 172 3790; x_wconf 88' lang='lat' dir='ltr'><strong>loci</strong></span> <span class='ocrx_word' id='word_1_252' title='bbox 185 3741 296 3790; x_wconf 74' lang='lat' dir='ltr'><strong>Maximi</strong></span> <span class='ocrx_word' id='word_1_253' title='bbox 314 3741 386 3804; x_wconf 75' lang='lat' dir='ltr'><strong>Tyrii</strong></span> <span class='ocrx_word' id='word_1_254' title='bbox 407 3742 476 3790; x_wconf 75' lang='lat' dir='ltr'><strong>ntus.</strong></span> <span class='ocrx_word' id='word_1_255' title='bbox 493 3742 537 3790; x_wconf 87' lang='grc'><strong>21.</strong></span> <span class='ocrx_word' id='word_1_256' title='bbox 555 3745 581 3789; x_wconf 87' lang='lat' dir='ltr'><strong>et</strong></span> <span class='ocrx_word' id='word_1_257' title='bbox 594 3739 641 3787; x_wconf 89' lang='lat' dir='ltr'><strong>lli·</strong></span> <span class='ocrx_word' id='word_1_258' title='bbox 663 3731 759 3787; x_wconf 63' lang='lat' dir='ltr'><strong>ftruriu</strong></span> <span class='ocrx_word' id='word_1_259' title='bbox 773 3739 828 3786; x_wconf 85' lang='lat' dir='ltr'><strong>suis</strong></span> <span class='ocrx_word' id='word_1_260' title='bbox 843 3737 966 3787; x_wconf 70' lang='lat' dir='ltr'><strong>studiis.»</strong></span> 
     </span>
    </p>
   </div>
   <div class='ocr_carea' id='block_1_8' title="bbox 185 3832 1029 3896">
    <p class='ocr_par' dir='ltr' id='par_1_9' title="bbox 185 3832 1029 3896">
     <span class='ocr_line' id='line_1_31' title="bbox 185 3832 1029 3896; baseline 0.009 -5"><span class='ocrx_word' id='word_1_261' title='bbox 185 3864 272 3893; x_wconf 72' lang='grc' dir='ltr'><strong>ΕΟΜΤ.</strong></span> <span class='ocrx_word' id='word_1_262' title='bbox 298 3865 339 3896; x_wconf 66' lang='grc' dir='ltr'><strong>[Β.</strong></span> <span class='ocrx_word' id='word_1_263' title='bbox 356 3865 411 3896; x_wconf 73' lang='lat' dir='ltr'><strong>Mil(-</strong></span> <span class='ocrx_word' id='word_1_264' title='bbox 433 3865 486 3895; x_wconf 70' lang='lat' dir='ltr'><strong>vot.</strong></span> <span class='ocrx_word' id='word_1_265' title='bbox 508 3865 535 3896; x_wconf 90' lang='grc' dir='ltr'><strong>ΙΙ.</strong></span> <span class='ocrx_word' id='word_1_266' title='bbox 971 3875 972 3878; x_wconf 77' lang='grc'>’</span> <span class='ocrx_word' id='word_1_267' title='bbox 1015 3832 1029 3888; x_wconf 68' lang='grc'><strong>1</strong></span> 
     </span>
    </p>
   </div>
   <div class='ocr_carea' id='block_1_9' title="bbox 0 0 1330 4112">
    <p class='ocr_par' dir='ltr' id='par_1_10' title="bbox 0 0 1330 4112">
     <span class='ocr_line' id='line_1_32' title="bbox 0 0 1330 4112; baseline 0 0"><span class='ocrx_word' id='word_1_268' title='bbox 0 0 1330 4112; x_wconf 95' lang='lat' dir='ltr'><strong> </strong></span> 
     </span>
    </p>
   </div>
  </div>
 </body>
</html>
