<?xml version="1.0" encoding="UTF-8"?>
<!DOCTYPE html PUBLIC "-//W3C//DTD XHTML 1.0 Transitional//EN"
    "http://www.w3.org/TR/xhtml1/DTD/xhtml1-transitional.dtd">
<html xmlns="http://www.w3.org/1999/xhtml" xml:lang="en" lang="en">
 <head>
  <title>
</title>
<meta http-equiv="Content-Type" content="text/html;charset=utf-8" />
  <meta name='ocr-system' content='tesseract 3.04.00' />
  <meta name='ocr-capabilities' content='ocr_page ocr_carea ocr_par ocr_line ocrx_word'/>
</head>
<body>
  <div class='ocr_page' id='page_1' title='image "./qhoratiusflaccu06flacgoog_0513.png"; bbox 0 0 2658 4128; ppageno 0'>
   <div class='ocr_carea' id='block_1_1' title="bbox 511 173 1191 247">
    <p class='ocr_par' dir='ltr' id='par_1_1' title="bbox 511 173 1191 247">
     <span class='ocr_line' id='line_1_1' title="bbox 511 173 1191 247; baseline -0.004 0"><span class='ocrx_word' id='word_1_1' title='bbox 511 197 576 247; x_wconf 78' lang='lat' dir='ltr'><strong>tua</strong></span> <span class='ocrx_word' id='word_1_2' title='bbox 596 185 629 242; x_wconf 83' lang='lat' dir='ltr'><strong>tt.</strong></span> <span class='ocrx_word' id='word_1_3' title='bbox 669 195 742 244; x_wconf 81' lang='lat' dir='ltr'><strong>san.</strong></span> <span class='ocrx_word' id='word_1_4' title='bbox 762 197 797 244; x_wconf 89' lang='lat' dir='ltr'><strong>n.</strong></span> <span class='ocrx_word' id='word_1_5' title='bbox 1024 215 1029 220; x_wconf 91' lang='lat'><em>-</em></span> <span class='ocrx_word' id='word_1_6' title='bbox 1135 173 1191 244; x_wconf 70' lang='grc'><strong>97</strong></span> 
     </span>
    </p>
   </div>
   <div class='ocr_carea' id='block_1_2' title="bbox 119 329 1194 1240">
    <p class='ocr_par' dir='ltr' id='par_1_2' title="bbox 122 329 1039 535">
     <span class='ocr_line' id='line_1_2' title="bbox 123 329 1039 414; baseline 0.002 -18"><span class='ocrx_word' id='word_1_7' title='bbox 123 329 255 410; x_wconf 78' lang='lat' dir='ltr'><strong>Dicam,</strong></span> <span class='ocrx_word' id='word_1_8' title='bbox 277 331 306 395; x_wconf 92' lang='lat' dir='ltr'><strong>si</strong></span> <span class='ocrx_word' id='word_1_9' title='bbox 327 333 455 414; x_wconf 84' lang='lat' dir='ltr'><strong>potero.</strong></span> <span class='ocrx_word' id='word_1_10' title='bbox 497 332 591 398; x_wconf 86' lang='lat' dir='ltr'><strong>Mate</strong></span> <span class='ocrx_word' id='word_1_11' title='bbox 614 350 728 397; x_wconf 86' lang='lat' dir='ltr'><strong>verum</strong></span> <span class='ocrx_word' id='word_1_12' title='bbox 749 335 914 398; x_wconf 77' lang='lat' dir='ltr'><strong>examinat</strong></span> <span class='ocrx_word' id='word_1_13' title='bbox 935 335 1039 398; x_wconf 83' lang='lat' dir='ltr'><strong>omnis</strong></span> 
     </span>
     <span class='ocr_line' id='line_1_3' title="bbox 122 431 966 535; baseline 0.004 -21"><span class='ocrx_word' id='word_1_14' title='bbox 122 431 309 531; x_wconf 70' lang='lat' dir='ltr'><strong>Corruptus</strong></span> <span class='ocrx_word' id='word_1_15' title='bbox 330 449 440 514; x_wconf 86' lang='lat' dir='ltr'><strong>iudex.</strong></span> <span class='ocrx_word' id='word_1_16' title='bbox 482 449 645 534; x_wconf 83' lang='lat' dir='ltr'><strong>Leporem</strong></span> <span class='ocrx_word' id='word_1_17' title='bbox 665 453 815 514; x_wconf 76' lang='lat' dir='ltr'><strong>sectatus</strong></span> <span class='ocrx_word' id='word_1_18' title='bbox 837 451 966 535; x_wconf 80' lang='lat' dir='ltr'><strong>equove</strong></span> 
     </span>
    </p>

    <p class='ocr_par' dir='ltr' id='par_1_3' title="bbox 121 564 1194 884">
     <span class='ocr_line' id='line_1_4' title="bbox 121 564 1194 658; baseline -0.004 -26"><span class='ocrx_word' id='word_1_19' title='bbox 121 568 248 632; x_wconf 81' lang='lat' dir='ltr'><strong>Lassus</strong></span> <span class='ocrx_word' id='word_1_20' title='bbox 268 569 311 630; x_wconf 89' lang='lat' dir='ltr'><strong>ab</strong></span> <span class='ocrx_word' id='word_1_21' title='bbox 332 566 489 630; x_wconf 88' lang='lat' dir='ltr'><strong>indomito</strong></span> <span class='ocrx_word' id='word_1_22' title='bbox 512 570 587 646; x_wconf 83' lang='lat' dir='ltr'><strong>vel,</strong></span> <span class='ocrx_word' id='word_1_23' title='bbox 608 571 637 632; x_wconf 90' lang='lat' dir='ltr'><strong>si</strong></span> <span class='ocrx_word' id='word_1_24' title='bbox 662 568 811 633; x_wconf 83' lang='lat' dir='ltr'><strong>Romana</strong></span> <span class='ocrx_word' id='word_1_25' title='bbox 832 570 983 658; x_wconf 80' lang='lat' dir='ltr'><strong>fatigat.</strong></span> <span class='ocrx_word' id='word_1_26' title='bbox 1153 564 1194 628; x_wconf 83' lang='lat'><strong>10</strong></span> 
     </span>
     <span class='ocr_line' id='line_1_5' title="bbox 124 683 1024 771; baseline 0 -21"><span class='ocrx_word' id='word_1_27' title='bbox 124 683 248 750; x_wconf 86' lang='lat' dir='ltr'><strong>Militia</strong></span> <span class='ocrx_word' id='word_1_28' title='bbox 269 687 436 747; x_wconf 87' lang='lat' dir='ltr'><strong>assuetum</strong></span> <span class='ocrx_word' id='word_1_29' title='bbox 455 687 624 771; x_wconf 77' lang='lat' dir='ltr'><strong>graecari,</strong></span> <span class='ocrx_word' id='word_1_30' title='bbox 645 705 705 750; x_wconf 87' lang='lat' dir='ltr'><strong>seu</strong></span> <span class='ocrx_word' id='word_1_31' title='bbox 727 687 795 768; x_wconf 84' lang='lat' dir='ltr'><strong>pile</strong></span> <span class='ocrx_word' id='word_1_32' title='bbox 814 689 916 750; x_wconf 85' lang='lat' dir='ltr'><strong>veiox</strong></span> <span class='ocrx_word' id='word_1_33' title='bbox 1022 683 1024 688; x_wconf 77' lang='grc'>’</span> 
     </span>
     <span class='ocr_line' id='line_1_6' title="bbox 124 780 936 884; baseline 0.001 -16"><span class='ocrx_word' id='word_1_34' title='bbox 124 801 277 868; x_wconf 86' lang='lat' dir='ltr'><strong>Molliter</strong></span> <span class='ocrx_word' id='word_1_35' title='bbox 297 803 462 865; x_wconf 90' lang='lat' dir='ltr'><strong>austerum</strong></span> <span class='ocrx_word' id='word_1_36' title='bbox 485 802 595 878; x_wconf 85' lang='lat' dir='ltr'><strong>studio</strong></span> <span class='ocrx_word' id='word_1_37' title='bbox 616 780 754 867; x_wconf 77' lang='lat' dir='ltr'><strong>fallente</strong></span> <span class='ocrx_word' id='word_1_38' title='bbox 775 805 936 884; x_wconf 77' lang='lat' dir='ltr'><strong>laborem,</strong></span> 
     </span>
    </p>

    <p class='ocr_par' dir='ltr' id='par_1_4' title="bbox 125 915 1014 1004">
     <span class='ocr_line' id='line_1_7' title="bbox 125 915 1014 1004; baseline 0.001 -20"><span class='ocrx_word' id='word_1_39' title='bbox 125 915 197 984; x_wconf 82' lang='lat' dir='ltr'><strong>Seu</strong></span> <span class='ocrx_word' id='word_1_40' title='bbox 217 921 253 982; x_wconf 91' lang='lat' dir='ltr'><strong>te</strong></span> <span class='ocrx_word' id='word_1_41' title='bbox 274 917 385 982; x_wconf 81' lang='lat' dir='ltr'><strong>discus</strong></span> <span class='ocrx_word' id='word_1_42' title='bbox 405 919 493 1004; x_wconf 74' lang='lat' dir='ltr'><strong>agit,</strong></span> <span class='ocrx_word' id='word_1_43' title='bbox 516 921 594 1002; x_wconf 93' lang='lat' dir='ltr'><strong>pete</strong></span> <span class='ocrx_word' id='word_1_44' title='bbox 617 919 789 984; x_wconf 73' lang='lat' dir='ltr'><strong>cedentem</strong></span> <span class='ocrx_word' id='word_1_45' title='bbox 809 929 888 986; x_wconf 83' lang='lat' dir='ltr'><strong>aera</strong></span> <span class='ocrx_word' id='word_1_46' title='bbox 908 920 1014 987; x_wconf 85' lang='lat' dir='ltr'><strong>diseo:</strong></span> 
     </span>
    </p>

    <p class='ocr_par' dir='ltr' id='par_1_5' title="bbox 124 1034 958 1119">
     <span class='ocr_line' id='line_1_8' title="bbox 124 1034 958 1119; baseline 0.004 -18"><span class='ocrx_word' id='word_1_47' title='bbox 124 1037 207 1101; x_wconf 75' lang='lat' dir='ltr'><strong>Cum</strong></span> <span class='ocrx_word' id='word_1_48' title='bbox 226 1037 322 1101; x_wconf 86' lang='lat' dir='ltr'><strong>labor</strong></span> <span class='ocrx_word' id='word_1_49' title='bbox 343 1034 510 1116; x_wconf 77' lang='lat' dir='ltr'><strong>extuderit</strong></span> <span class='ocrx_word' id='word_1_50' title='bbox 530 1035 829 1119; x_wconf 59' lang='lat' dir='ltr'><strong>tmttdtmstoous,</strong></span> <span class='ocrx_word' id='word_1_51' title='bbox 850 1039 958 1104; x_wconf 82' lang='lat' dir='ltr'><strong>inanis</strong></span> 
     </span>
    </p>

    <p class='ocr_par' dir='ltr' id='par_1_6' title="bbox 119 1139 1192 1240">
     <span class='ocr_line' id='line_1_9' title="bbox 119 1139 1192 1240; baseline 0.001 -19"><span class='ocrx_word' id='word_1_52' title='bbox 119 1151 257 1240; x_wconf 77' lang='lat' dir='ltr'><strong>Sperne</strong></span> <span class='ocrx_word' id='word_1_53' title='bbox 278 1139 385 1220; x_wconf 81' lang='lat' dir='ltr'><strong>eibum</strong></span> <span class='ocrx_word' id='word_1_54' title='bbox 405 1144 519 1238; x_wconf 76' lang='lat' dir='ltr'><strong>vilem3</strong></span> <span class='ocrx_word' id='word_1_55' title='bbox 540 1156 603 1217; x_wconf 90' lang='lat' dir='ltr'><strong>nisi</strong></span> <span class='ocrx_word' id='word_1_56' title='bbox 624 1154 797 1239; x_wconf 81' lang='lat' dir='ltr'><strong>Hymettia¹</strong></span> <span class='ocrx_word' id='word_1_57' title='bbox 816 1157 912 1220; x_wconf 86' lang='lat' dir='ltr'><strong>melia</strong></span> <span class='ocrx_word' id='word_1_58' title='bbox 933 1154 1077 1222; x_wconf 80' lang='lat' dir='ltr'><strong>Falerno</strong></span> <span class='ocrx_word' id='word_1_59' title='bbox 1153 1153 1192 1215; x_wconf 81' lang='lat'><strong>¹5</strong></span> 
     </span>
    </p>
   </div>
   <div class='ocr_carea' id='block_1_3' title="bbox 18 1271 1020 1368">
    <p class='ocr_par' dir='ltr' id='par_1_7' title="bbox 18 1271 1020 1368">
     <span class='ocr_line' id='line_1_10' title="bbox 18 1271 1020 1368; baseline -0.001 -29"><span class='ocrx_word' id='word_1_60' title='bbox 18 1311 22 1316; x_wconf 97' lang='lat'>-</span> <span class='ocrx_word' id='word_1_61' title='bbox 124 1274 177 1340; x_wconf 86' lang='lat' dir='ltr'><strong>Ne</strong></span> <span class='ocrx_word' id='word_1_62' title='bbox 197 1274 320 1368; x_wconf 81' lang='lat' dir='ltr'><strong>biberis</strong></span> <span class='ocrx_word' id='word_1_63' title='bbox 342 1271 454 1339; x_wconf 84' lang='lat' dir='ltr'><strong>diluta.</strong></span> <span class='ocrx_word' id='word_1_64' title='bbox 496 1273 595 1337; x_wconf 75' lang='lat' dir='ltr'><strong>Foris</strong></span> <span class='ocrx_word' id='word_1_65' title='bbox 617 1276 669 1336; x_wconf 88' lang='lat' dir='ltr'><strong>est</strong></span> <span class='ocrx_word' id='word_1_66' title='bbox 689 1289 836 1356; x_wconf 88' lang='lat' dir='ltr'><strong>promus,</strong></span> <span class='ocrx_word' id='word_1_67' title='bbox 859 1275 893 1338; x_wconf 92' lang='lat' dir='ltr'><strong>et</strong></span> <span class='ocrx_word' id='word_1_68' title='bbox 914 1278 1020 1338; x_wconf 84' lang='lat' dir='ltr'><strong>atrurn</strong></span> 
     </span>
    </p>
   </div>
   <div class='ocr_carea' id='block_1_4' title="bbox 26 1380 1119 1592">
    <p class='ocr_par' dir='ltr' id='par_1_8' title="bbox 26 1380 1119 1592">
     <span class='ocr_line' id='line_1_11' title="bbox 26 1380 1028 1474; baseline -0.002 -17"><span class='ocrx_word' id='word_1_69' title='bbox 26 1383 28 1388; x_wconf 65' lang='grc'><strong>’</strong></span> <span class='ocrx_word' id='word_1_70' title='bbox 125 1380 320 1456; x_wconf 81' lang='lat' dir='ltr'><strong>Defendens</strong></span> <span class='ocrx_word' id='word_1_71' title='bbox 341 1391 452 1474; x_wconf 86' lang='lat' dir='ltr'><strong>pisces</strong></span> <span class='ocrx_word' id='word_1_72' title='bbox 473 1389 594 1455; x_wconf 83' lang='lat' dir='ltr'><strong>hiemat</strong></span> <span class='ocrx_word' id='word_1_73' title='bbox 615 1407 726 1474; x_wconf 83' lang='lat' dir='ltr'><strong>mare3</strong></span> <span class='ocrx_word' id='word_1_74' title='bbox 746 1408 819 1454; x_wconf 88' lang='lat' dir='ltr'><strong>cum</strong></span> <span class='ocrx_word' id='word_1_75' title='bbox 840 1391 910 1456; x_wconf 83' lang='lat' dir='ltr'><strong>saie</strong></span> <span class='ocrx_word' id='word_1_76' title='bbox 930 1395 1028 1474; x_wconf 84' lang='lat' dir='ltr'><strong>panis</strong></span> 
     </span>
     <span class='ocr_line' id='line_1_12' title="bbox 125 1506 1119 1592; baseline 0.001 -20"><span class='ocrx_word' id='word_1_77' title='bbox 125 1509 318 1574; x_wconf 79' lang='lat' dir='ltr'><strong>latrantem</strong></span> <span class='ocrx_word' id='word_1_78' title='bbox 340 1509 542 1574; x_wconf 81' lang='lat' dir='ltr'><strong>stomachum</strong></span> <span class='ocrx_word' id='word_1_79' title='bbox 564 1511 647 1572; x_wconf 86' lang='lat' dir='ltr'><strong>bene</strong></span> <span class='ocrx_word' id='word_1_80' title='bbox 668 1509 779 1572; x_wconf 88' lang='lat' dir='ltr'><strong>leniet.</strong></span> <span class='ocrx_word' id='word_1_81' title='bbox 821 1506 920 1572; x_wconf 90' lang='lat' dir='ltr'><strong>Unde</strong></span> <span class='ocrx_word' id='word_1_82' title='bbox 941 1513 1040 1592; x_wconf 86' lang='lat' dir='ltr'><strong>putas</strong></span> <span class='ocrx_word' id='word_1_83' title='bbox 1062 1514 1119 1573; x_wconf 88' lang='lat' dir='ltr'><strong>aut</strong></span> 
     </span>
    </p>
   </div>
   <div class='ocr_carea' id='block_1_5' title="bbox 178 1706 745 1771">
    <p class='ocr_par' dir='ltr' id='par_1_9' title="bbox 178 1706 745 1771">
     <span class='ocr_line' id='line_1_13' title="bbox 178 1706 745 1771; baseline -0.011 -9"><span class='ocrx_word' id='word_1_84' title='bbox 178 1719 205 1762; x_wconf 77' lang='lat' dir='ltr'><strong>t.</strong></span> <span class='ocrx_word' id='word_1_85' title='bbox 225 1709 268 1758; x_wconf 72' lang='grc'><strong>14,</strong></span> <span class='ocrx_word' id='word_1_86' title='bbox 287 1709 415 1770; x_wconf 78' lang='lat' dir='ltr'><strong>espotertt</strong></span> <span class='ocrx_word' id='word_1_87' title='bbox 431 1722 465 1760; x_wconf 88' lang='lat' dir='ltr'><strong>ex</strong></span> <span class='ocrx_word' id='word_1_88' title='bbox 483 1711 598 1771; x_wconf 80' lang='lat' dir='ltr'><strong>excerpt.</strong></span> <span class='ocrx_word' id='word_1_89' title='bbox 617 1707 695 1760; x_wconf 77' lang='lat' dir='ltr'><strong>Bodi-</strong></span> <span class='ocrx_word' id='word_1_90' title='bbox 714 1706 745 1756; x_wconf 80' lang='lat' dir='ltr'><strong>B.</strong></span> 
     </span>
    </p>
   </div>
   <div class='ocr_carea' id='block_1_6' title="bbox 128 1886 1199 2182">
    <p class='ocr_par' dir='ltr' id='par_1_10' title="bbox 128 1886 1198 2101">
     <span class='ocr_line' id='line_1_14' title="bbox 128 1886 1198 1948; baseline 0.003 -12"><span class='ocrx_word' id='word_1_91' title='bbox 128 1899 294 1937; x_wconf 83' lang='lat' dir='ltr'><strong>marmoreas</strong></span> <span class='ocrx_word' id='word_1_92' title='bbox 315 1887 358 1940; x_wconf 75' lang='lat' dir='ltr'><strong>rei</strong></span> <span class='ocrx_word' id='word_1_93' title='bbox 374 1888 486 1945; x_wconf 65' lang='lat' dir='ltr'><strong>nitrosae</strong></span> <span class='ocrx_word' id='word_1_94' title='bbox 515 1892 644 1947; x_wconf 83' lang='lat' dir='ltr'><strong>utraeque</strong></span> <span class='ocrx_word' id='word_1_95' title='bbox 682 1890 757 1948; x_wconf 78' lang='lat' dir='ltr'><strong>grato</strong></span> <span class='ocrx_word' id='word_1_96' title='bbox 781 1886 861 1936; x_wconf 89' lang='lat' dir='ltr'><strong>modo</strong></span> <span class='ocrx_word' id='word_1_97' title='bbox 882 1886 977 1945; x_wconf 79' lang='lat' dir='ltr'><strong>edicit.</strong></span> <span class='ocrx_word' id='word_1_98' title='bbox 996 1893 1026 1937; x_wconf 90' lang='lat' dir='ltr'><strong>ut</strong></span> <span class='ocrx_word' id='word_1_99' title='bbox 1045 1901 1080 1938; x_wconf 88' lang='lat' dir='ltr'><strong>ne</strong></span> <span class='ocrx_word' id='word_1_100' title='bbox 1098 1889 1198 1940; x_wconf 80' lang='lat' dir='ltr'><strong>sentiat</strong></span> 
     </span>
     <span class='ocr_line' id='line_1_15' title="bbox 128 1963 1198 2030; baseline 0.003 -16"><span class='ocrx_word' id='word_1_101' title='bbox 128 1971 219 2014; x_wconf 78' lang='lat' dir='ltr'><strong>arnam</strong></span> <span class='ocrx_word' id='word_1_102' title='bbox 231 1967 315 2014; x_wconf 76' lang='lat' dir='ltr'><strong>niteat</strong></span> <span class='ocrx_word' id='word_1_103' title='bbox 334 1969 360 2014; x_wconf 88' lang='lat' dir='ltr'><strong>et</strong></span> <span class='ocrx_word' id='word_1_104' title='bbox 377 1965 485 2026; x_wconf 87' lang='lat' dir='ltr'><strong>proprio</strong></span> <span class='ocrx_word' id='word_1_105' title='bbox 502 1963 658 2027; x_wconf 76' lang='lat' dir='ltr'><strong>splendore</strong></span> <span class='ocrx_word' id='word_1_106' title='bbox 683 1965 791 2026; x_wconf 87' lang='lat' dir='ltr'><strong>quidem</strong></span> <span class='ocrx_word' id='word_1_107' title='bbox 804 1979 886 2026; x_wconf 88' lang='lat' dir='ltr'><strong>quam</strong></span> <span class='ocrx_word' id='word_1_108' title='bbox 898 1967 986 2027; x_wconf 76' lang='lat' dir='ltr'><strong>gravis</strong></span> <span class='ocrx_word' id='word_1_109' title='bbox 1005 1981 1055 2030; x_wconf 87' lang='lat' dir='ltr'><strong>per</strong></span> <span class='ocrx_word' id='word_1_110' title='bbox 1066 1981 1095 2018; x_wconf 87' lang='lat' dir='ltr'><strong>se</strong></span> <span class='ocrx_word' id='word_1_111' title='bbox 1114 1969 1147 2016; x_wconf 85' lang='lat' dir='ltr'><strong>sit</strong></span> <span class='ocrx_word' id='word_1_112' title='bbox 1161 1967 1198 2017; x_wconf 87' lang='lat' dir='ltr'><strong>ia·</strong></span> 
     </span>
     <span class='ocr_line' id='line_1_16' title="bbox 128 2035 1051 2101; baseline -0.002 -11"><span class='ocrx_word' id='word_1_113' title='bbox 128 2048 156 2090; x_wconf 88' lang='lat' dir='ltr'><strong>et</strong></span> <span class='ocrx_word' id='word_1_114' title='bbox 186 2048 309 2101; x_wconf 72' lang='lat' dir='ltr'><strong>teretes</strong></span> <span class='ocrx_word' id='word_1_115' title='bbox 335 2043 428 2092; x_wconf 80' lang='lat' dir='ltr'><strong>servis.</strong></span> <span class='ocrx_word' id='word_1_116' title='bbox 462 2065 492 2076; x_wconf 90' lang='lat'>-</span> <span class='ocrx_word' id='word_1_117' title='bbox 526 2035 644 2098; x_wconf 75' lang='lat' dir='ltr'><strong>taxante]</strong></span> <span class='ocrx_word' id='word_1_118' title='bbox 683 2044 732 2092; x_wconf 89' lang='lat' dir='ltr'><strong>bor</strong></span> <span class='ocrx_word' id='word_1_119' title='bbox 749 2041 821 2091; x_wconf 77' lang='lat' dir='ltr'><strong>iile.»</strong></span> <span class='ocrx_word' id='word_1_120' title='bbox 1048 2092 1051 2099; x_wconf 66' lang='grc'><em>,</em></span> 
     </span>
    </p>

    <p class='ocr_par' dir='ltr' id='par_1_11' title="bbox 130 2114 1199 2182">
     <span class='ocr_line' id='line_1_17' title="bbox 130 2114 1199 2182; baseline 0.003 -15"><span class='ocrx_word' id='word_1_121' title='bbox 130 2120 227 2168; x_wconf 66' lang='lat' dir='ltr'><strong>«nmis</strong></span> <span class='ocrx_word' id='word_1_122' title='bbox 241 2120 373 2179; x_wconf 66' lang='lat' dir='ltr'><strong>magnis.»</strong></span> <span class='ocrx_word' id='word_1_123' title='bbox 395 2120 459 2168; x_wconf 78' lang='lat' dir='ltr'><strong>Aea.</strong></span> <span class='ocrx_word' id='word_1_124' title='bbox 476 2143 507 2154; x_wconf 91' lang='lat'>-</span> <span class='ocrx_word' id='word_1_125' title='bbox 525 2114 645 2177; x_wconf 79' lang='lat' dir='ltr'><strong>Aeottm&#39;s]</strong></span> <span class='ocrx_word' id='word_1_126' title='bbox 718 2119 846 2168; x_wconf 79' lang='lat'><strong>13-17.</strong></span> <span class='ocrx_word' id='word_1_127' title='bbox 880 2117 952 2182; x_wconf 87' lang='lat' dir='ltr'><strong>pete]</strong></span> <span class='ocrx_word' id='word_1_128' title='bbox 983 2121 1051 2170; x_wconf 80' lang='lat' dir='ltr'><strong>«hoo</strong></span> <span class='ocrx_word' id='word_1_129' title='bbox 1071 2122 1151 2170; x_wconf 89' lang='lat' dir='ltr'><strong>modo</strong></span> <span class='ocrx_word' id='word_1_130' title='bbox 1173 2125 1199 2170; x_wconf 89' lang='lat' dir='ltr'><strong>te</strong></span> 
     </span>
    </p>
   </div>
   <div class='ocr_carea' id='block_1_7' title="bbox 35 2189 1201 2258">
    <p class='ocr_par' dir='ltr' id='par_1_12' title="bbox 35 2189 1201 2258">
     <span class='ocr_line' id='line_1_18' title="bbox 35 2189 1201 2258; baseline 0.003 -14"><span class='ocrx_word' id='word_1_131' title='bbox 35 2189 40 2195; x_wconf 79' lang='grc'><strong>’</strong></span> <span class='ocrx_word' id='word_1_132' title='bbox 130 2196 306 2255; x_wconf 76' lang='lat' dir='ltr'><strong>«inclinatus,</strong></span> <span class='ocrx_word' id='word_1_133' title='bbox 339 2197 487 2258; x_wconf 80' lang='lat' dir='ltr'><strong>propensus</strong></span> <span class='ocrx_word' id='word_1_134' title='bbox 518 2196 551 2243; x_wconf 82' lang='lat' dir='ltr'><strong>ad</strong></span> <span class='ocrx_word' id='word_1_135' title='bbox 579 2193 646 2243; x_wconf 78' lang='lat' dir='ltr'><strong>falsa</strong></span> <span class='ocrx_word' id='word_1_136' title='bbox 684 2208 804 2244; x_wconf 78' lang='lat' dir='ltr'><strong>exerce.»</strong></span> <span class='ocrx_word' id='word_1_137' title='bbox 847 2195 942 2244; x_wconf 77' lang='lat' dir='ltr'><strong>Addita</strong></span> <span class='ocrx_word' id='word_1_138' title='bbox 971 2202 1060 2247; x_wconf 80' lang='lat' dir='ltr'><strong>autem</strong></span> <span class='ocrx_word' id='word_1_139' title='bbox 1090 2199 1201 2247; x_wconf 72' lang='lat' dir='ltr'><strong>cedentis</strong></span> 
     </span>
    </p>
   </div>
   <div class='ocr_carea' id='block_1_8' title="bbox 79 2273 1209 3808">
    <p class='ocr_par' dir='ltr' id='par_1_13' title="bbox 79 2273 1209 3808">
     <span class='ocr_line' id='line_1_19' title="bbox 79 2273 1200 2336; baseline 0.004 -16"><span class='ocrx_word' id='word_1_140' title='bbox 79 2321 86 2328; x_wconf 75' lang='grc'>,</span> <span class='ocrx_word' id='word_1_141' title='bbox 130 2273 295 2334; x_wconf 75' lang='lat' dir='ltr'><strong>probanda.»</strong></span> <span class='ocrx_word' id='word_1_142' title='bbox 684 2273 753 2320; x_wconf 75' lang='lat' dir='ltr'><strong>uerte</strong></span> <span class='ocrx_word' id='word_1_143' title='bbox 762 2273 879 2334; x_wconf 79' lang='lat' dir='ltr'><strong>imagine</strong></span> <span class='ocrx_word' id='word_1_144' title='bbox 888 2275 953 2324; x_wconf 82' lang='lat' dir='ltr'><strong>vitat</strong></span> <span class='ocrx_word' id='word_1_145' title='bbox 965 2276 1095 2336; x_wconf 85' lang='lat' dir='ltr'><strong>pedestris</strong></span> <span class='ocrx_word' id='word_1_146' title='bbox 1104 2289 1146 2324; x_wconf 89' lang='lat' dir='ltr'><strong>or.</strong></span> <span class='ocrx_word' id='word_1_147' title='bbox 1157 2287 1200 2323; x_wconf 87' lang='lat' dir='ltr'><strong>oo·</strong></span> 
     </span>
     <span class='ocr_line' id='line_1_20' title="bbox 163 2346 1200 2409; baseline 0.004 -13"><span class='ocrx_word' id='word_1_148' title='bbox 163 2350 260 2398; x_wconf 76' lang='lat'><strong>7-12.</strong></span> <span class='ocrx_word' id='word_1_149' title='bbox 273 2346 406 2409; x_wconf 82' lang='lat' dir='ltr'><strong>Leporem]</strong></span> <span class='ocrx_word' id='word_1_150' title='bbox 418 2349 497 2397; x_wconf 79' lang='lat' dir='ltr'><strong>Grata</strong></span> <span class='ocrx_word' id='word_1_151' title='bbox 508 2348 647 2409; x_wconf 75' lang='lat' dir='ltr'><strong>negligen-</strong></span> <span class='ocrx_word' id='word_1_152' title='bbox 685 2348 785 2397; x_wconf 91' lang='lat' dir='ltr'><strong>iorem:</strong></span> <span class='ocrx_word' id='word_1_153' title='bbox 818 2349 897 2401; x_wconf 76' lang='lat' dir='ltr'><strong>nitide</strong></span> <span class='ocrx_word' id='word_1_154' title='bbox 919 2351 1020 2399; x_wconf 73' lang='lat' dir='ltr'><strong>diseo.»</strong></span> <span class='ocrx_word' id='word_1_155' title='bbox 1042 2372 1071 2386; x_wconf 81' lang='lat'>—</span> <span class='ocrx_word' id='word_1_156' title='bbox 1097 2351 1200 2400; x_wconf 73' lang='lat' dir='ltr'><strong>eamde-</strong></span> 
     </span>
     <span class='ocr_line' id='line_1_21' title="bbox 130 2420 1200 2487; baseline 0 -13"><span class='ocrx_word' id='word_1_157' title='bbox 130 2425 166 2474; x_wconf 83' lang='lat' dir='ltr'><strong>tia</strong></span> <span class='ocrx_word' id='word_1_158' title='bbox 180 2420 347 2487; x_wconf 83' lang='lat' dir='ltr'><strong>aliquantum</strong></span> <span class='ocrx_word' id='word_1_159' title='bbox 361 2427 501 2475; x_wconf 85' lang='lat' dir='ltr'><strong>intricatae</strong></span> <span class='ocrx_word' id='word_1_160' title='bbox 514 2431 576 2474; x_wconf 87' lang='lat' dir='ltr'><strong>sunt</strong></span> <span class='ocrx_word' id='word_1_161' title='bbox 588 2437 647 2473; x_wconf 90' lang='lat' dir='ltr'><strong>sen·</strong></span> <span class='ocrx_word' id='word_1_162' title='bbox 684 2421 731 2484; x_wconf 76' lang='lat' dir='ltr'><strong>tte]</strong></span> <span class='ocrx_word' id='word_1_163' title='bbox 750 2439 791 2487; x_wconf 90' lang='lat' dir='ltr'><strong>pr.</strong></span> <span class='ocrx_word' id='word_1_164' title='bbox 804 2427 957 2475; x_wconf 74' lang='lat' dir='ltr'><strong>«tundendo</strong></span> <span class='ocrx_word' id='word_1_165' title='bbox 966 2425 1118 2484; x_wconf 79' lang='lat' dir='ltr'><strong>removerit,</strong></span> <span class='ocrx_word' id='word_1_166' title='bbox 1139 2439 1200 2475; x_wconf 87' lang='lat' dir='ltr'><strong>eum</strong></span> 
     </span>
     <span class='ocr_line' id='line_1_22' title="bbox 129 2501 1202 2563; baseline 0.002 -13"><span class='ocrx_word' id='word_1_167' title='bbox 129 2502 230 2554; x_wconf 79' lang='lat' dir='ltr'><strong>tentiae</strong></span> <span class='ocrx_word' id='word_1_168' title='bbox 239 2515 287 2563; x_wconf 92' lang='lat' dir='ltr'><strong>pro</strong></span> <span class='ocrx_word' id='word_1_169' title='bbox 299 2504 452 2563; x_wconf 75' lang='lat' dir='ltr'><strong>vulgaribus</strong></span> <span class='ocrx_word' id='word_1_170' title='bbox 465 2505 524 2552; x_wconf 84' lang='lat' dir='ltr'><strong>his:</strong></span> <span class='ocrx_word' id='word_1_171' title='bbox 545 2503 647 2550; x_wconf 79' lang='lat' dir='ltr'><strong>ovone·</strong></span> <span class='ocrx_word' id='word_1_172' title='bbox 685 2503 893 2563; x_wconf 65' lang='lat' dir='ltr'><strong>vieroussorit»</strong></span> <span class='ocrx_word' id='word_1_173' title='bbox 903 2505 1015 2554; x_wconf 78' lang='lat' dir='ltr'><strong>verbum</strong></span> <span class='ocrx_word' id='word_1_174' title='bbox 1023 2503 1105 2563; x_wconf 74' lang='lat' dir='ltr'><strong>ionqe</strong></span> <span class='ocrx_word' id='word_1_175' title='bbox 1113 2501 1202 2552; x_wconf 81' lang='lat' dir='ltr'><strong>omou-</strong></span> 
     </span>
     <span class='ocr_line' id='line_1_23' title="bbox 130 2578 1200 2641; baseline 0.004 -17"><span class='ocrx_word' id='word_1_176' title='bbox 130 2578 204 2626; x_wconf 87' lang='lat' dir='ltr'><strong>tione</strong></span> <span class='ocrx_word' id='word_1_177' title='bbox 213 2584 240 2626; x_wconf 89' lang='lat' dir='ltr'><strong>et</strong></span> <span class='ocrx_word' id='word_1_178' title='bbox 248 2581 421 2640; x_wconf 80' lang='lat' dir='ltr'><strong>equitatione,</strong></span> <span class='ocrx_word' id='word_1_179' title='bbox 432 2586 487 2637; x_wconf 87' lang='lat' dir='ltr'><strong>uui,</strong></span> <span class='ocrx_word' id='word_1_180' title='bbox 502 2581 524 2627; x_wconf 86' lang='lat' dir='ltr'><strong>si</strong></span> <span class='ocrx_word' id='word_1_181' title='bbox 532 2579 582 2628; x_wconf 82' lang='lat' dir='ltr'><strong>irae</strong></span> <span class='ocrx_word' id='word_1_182' title='bbox 590 2591 647 2626; x_wconf 88' lang='lat' dir='ltr'><strong>eor-</strong></span> <span class='ocrx_word' id='word_1_183' title='bbox 686 2580 742 2627; x_wconf 89' lang='lat' dir='ltr'><strong>eius</strong></span> <span class='ocrx_word' id='word_1_184' title='bbox 752 2593 832 2641; x_wconf 85' lang='lat' dir='ltr'><strong>quam</strong></span> <span class='ocrx_word' id='word_1_185' title='bbox 842 2581 961 2629; x_wconf 86' lang='lat' dir='ltr'><strong>eiusdem</strong></span> <span class='ocrx_word' id='word_1_186' title='bbox 971 2579 1051 2639; x_wconf 76' lang='lat' dir='ltr'><strong>gloss.</strong></span> <span class='ocrx_word' id='word_1_187' title='bbox 1063 2581 1200 2641; x_wconf 73' lang='lat' dir='ltr'><strong>eeputettt.</strong></span> 
     </span>
     <span class='ocr_line' id='line_1_24' title="bbox 131 2653 1202 2718; baseline 0.003 -17"><span class='ocrx_word' id='word_1_188' title='bbox 131 2655 203 2715; x_wconf 84' lang='lat' dir='ltr'><strong>poris</strong></span> <span class='ocrx_word' id='word_1_189' title='bbox 217 2657 423 2705; x_wconf 70' lang='lat' dir='ltr'><strong>exercitationes</strong></span> <span class='ocrx_word' id='word_1_190' title='bbox 435 2669 497 2705; x_wconf 84' lang='lat' dir='ltr'><strong>vere</strong></span> <span class='ocrx_word' id='word_1_191' title='bbox 509 2657 646 2704; x_wconf 78' lang='lat' dir='ltr'><strong>Romanae</strong></span> <span class='ocrx_word' id='word_1_192' title='bbox 686 2653 835 2718; x_wconf 70' lang='lat' dir='ltr'><strong>Hymettia]</strong></span> <span class='ocrx_word' id='word_1_193' title='bbox 862 2658 995 2705; x_wconf 83' lang='lat' dir='ltr'><strong>«mulsum</strong></span> <span class='ocrx_word' id='word_1_194' title='bbox 1013 2663 1202 2718; x_wconf 77' lang='lat' dir='ltr'><strong>praeparatum</strong></span> 
     </span>
     <span class='ocr_line' id='line_1_25' title="bbox 130 2729 1202 2794; baseline 0.002 -16"><span class='ocrx_word' id='word_1_195' title='bbox 130 2729 178 2778; x_wconf 90' lang='lat' dir='ltr'><strong>tibi</strong></span> <span class='ocrx_word' id='word_1_196' title='bbox 186 2745 241 2779; x_wconf 88' lang='lat' dir='ltr'><strong>non</strong></span> <span class='ocrx_word' id='word_1_197' title='bbox 251 2733 366 2793; x_wconf 85' lang='lat' dir='ltr'><strong>pincent,</strong></span> <span class='ocrx_word' id='word_1_198' title='bbox 377 2733 447 2794; x_wconf 85' lang='lat' dir='ltr'><strong>pilae</strong></span> <span class='ocrx_word' id='word_1_199' title='bbox 457 2733 572 2784; x_wconf 82' lang='lat' dir='ltr'><strong>veidisei</strong></span> <span class='ocrx_word' id='word_1_200' title='bbox 584 2730 647 2779; x_wconf 91' lang='lat' dir='ltr'><strong>iudo</strong></span> <span class='ocrx_word' id='word_1_201' title='bbox 687 2745 717 2781; x_wconf 83' lang='lat' dir='ltr'><strong>er</strong></span> <span class='ocrx_word' id='word_1_202' title='bbox 728 2733 882 2782; x_wconf 84' lang='lat' dir='ltr'><strong>dulcissimo</strong></span> <span class='ocrx_word' id='word_1_203' title='bbox 896 2731 977 2780; x_wconf 89' lang='lat' dir='ltr'><strong>melle</strong></span> <span class='ocrx_word' id='word_1_204' title='bbox 996 2729 1083 2780; x_wconf 73' lang='lat' dir='ltr'><strong>Attico</strong></span> <span class='ocrx_word' id='word_1_205' title='bbox 1101 2737 1127 2780; x_wconf 92' lang='lat' dir='ltr'><strong>et</strong></span> <span class='ocrx_word' id='word_1_206' title='bbox 1139 2729 1202 2780; x_wconf 80' lang='lat' dir='ltr'><strong>vino</strong></span> 
     </span>
     <span class='ocr_line' id='line_1_26' title="bbox 130 2806 1203 2870; baseline 0.001 -15"><span class='ocrx_word' id='word_1_207' title='bbox 130 2806 256 2868; x_wconf 71' lang='lat' dir='ltr'><strong>fatigatus</strong></span> <span class='ocrx_word' id='word_1_208' title='bbox 277 2810 323 2856; x_wconf 85' lang='lat' dir='ltr'><strong>ubi</strong></span> <span class='ocrx_word' id='word_1_209' title='bbox 344 2810 424 2869; x_wconf 63' lang='lat' dir='ltr'><strong>eris,⁴</strong></span> <span class='ocrx_word' id='word_1_210' title='bbox 439 2815 503 2858; x_wconf 88' lang='lat' dir='ltr'><strong>tuno</strong></span> <span class='ocrx_word' id='word_1_211' title='bbox 526 2810 647 2858; x_wconf 84' lang='lat' dir='ltr'><strong>esuriens</strong></span> <span class='ocrx_word' id='word_1_212' title='bbox 687 2811 904 2870; x_wconf 79' lang='lat' dir='ltr'><strong>generosissimo.</strong></span> <span class='ocrx_word' id='word_1_213' title='bbox 926 2814 1014 2870; x_wconf 87' lang='lat' dir='ltr'><strong>spreto</strong></span> <span class='ocrx_word' id='word_1_214' title='bbox 1024 2809 1111 2862; x_wconf 86' lang='lat' dir='ltr'><strong>mulso</strong></span> <span class='ocrx_word' id='word_1_215' title='bbox 1122 2809 1203 2858; x_wconf 82' lang='lat' dir='ltr'><strong>mixto</strong></span> 
     </span>
     <span class='ocr_line' id='line_1_27' title="bbox 131 2883 1203 2952; baseline -0.006 -18"><span class='ocrx_word' id='word_1_216' title='bbox 131 2899 229 2948; x_wconf 87' lang='lat' dir='ltr'><strong>sperne</strong></span> <span class='ocrx_word' id='word_1_217' title='bbox 254 2883 287 2948; x_wconf 82' lang='lat' dir='ltr'><strong>(si</strong></span> <span class='ocrx_word' id='word_1_218' title='bbox 316 2892 406 2949; x_wconf 87' lang='lat' dir='ltr'><strong>potes;</strong></span> <span class='ocrx_word' id='word_1_219' title='bbox 438 2888 558 2936; x_wconf 83' lang='lat' dir='ltr'><strong>sednon</strong></span> <span class='ocrx_word' id='word_1_220' title='bbox 577 2893 646 2950; x_wconf 88' lang='lat' dir='ltr'><strong>pote·</strong></span> <span class='ocrx_word' id='word_1_221' title='bbox 688 2902 718 2936; x_wconf 83' lang='lat' dir='ltr'><strong>ex</strong></span> <span class='ocrx_word' id='word_1_222' title='bbox 742 2887 806 2938; x_wconf 81' lang='lat' dir='ltr'><strong>vino</strong></span> <span class='ocrx_word' id='word_1_223' title='bbox 827 2891 854 2935; x_wconf 89' lang='lat' dir='ltr'><strong>et</strong></span> <span class='ocrx_word' id='word_1_224' title='bbox 875 2886 955 2935; x_wconf 87' lang='lat' dir='ltr'><strong>meite</strong></span> <span class='ocrx_word' id='word_1_225' title='bbox 976 2887 1142 2952; x_wconf 87' lang='lat' dir='ltr'><strong>communi.»</strong></span> <span class='ocrx_word' id='word_1_226' title='bbox 1172 2909 1203 2922; x_wconf 87' lang='lat'>-</span> 
     </span>
     <span class='ocr_line' id='line_1_28' title="bbox 130 2961 1202 3034; baseline -0.006 -20"><span class='ocrx_word' id='word_1_227' title='bbox 130 2962 202 3030; x_wconf 77' lang='lat' dir='ltr'><strong>risz)</strong></span> <span class='ocrx_word' id='word_1_228' title='bbox 222 2966 313 3014; x_wconf 80' lang='lat' dir='ltr'><strong>eibum</strong></span> <span class='ocrx_word' id='word_1_229' title='bbox 334 2978 365 3013; x_wconf 80' lang='lat' dir='ltr'><strong>ao</strong></span> <span class='ocrx_word' id='word_1_230' title='bbox 386 2965 525 3025; x_wconf 87' lang='lat' dir='ltr'><strong>potionem·</strong></span> <span class='ocrx_word' id='word_1_231' title='bbox 540 2966 646 3014; x_wconf 72' lang='lat' dir='ltr'><strong>vilem.»</strong></span> <span class='ocrx_word' id='word_1_232' title='bbox 686 2965 762 3011; x_wconf 76' lang='lat' dir='ltr'><strong>Fortu</strong></span> <span class='ocrx_word' id='word_1_233' title='bbox 775 2961 825 3026; x_wconf 85' lang='lat' dir='ltr'><strong>est]</strong></span> <span class='ocrx_word' id='word_1_234' title='bbox 846 2961 944 3014; x_wconf 73' lang='lat' dir='ltr'><strong>«Abest</strong></span> <span class='ocrx_word' id='word_1_235' title='bbox 962 2970 1072 3026; x_wconf 84' lang='lat' dir='ltr'><strong>promus</strong></span> <span class='ocrx_word' id='word_1_236' title='bbox 1090 2963 1202 3034; x_wconf 24' lang='lat' dir='ltr'><strong>oottdusu,</strong></span> 
     </span>
     <span class='ocr_line' id='line_1_29' title="bbox 133 3037 1205 3110; baseline -0.007 -16"><span class='ocrx_word' id='word_1_237' title='bbox 133 3067 164 3078; x_wconf 85' lang='lat'><em>-</em></span> <span class='ocrx_word' id='word_1_238' title='bbox 183 3039 298 3102; x_wconf 67' lang='lat' dir='ltr'><strong>Metina]</strong></span> <span class='ocrx_word' id='word_1_239' title='bbox 328 3043 441 3090; x_wconf 83' lang='lat' dir='ltr'><strong>Venatio</strong></span> <span class='ocrx_word' id='word_1_240' title='bbox 469 3043 503 3090; x_wconf 85' lang='lat' dir='ltr'><strong>ab</strong></span> <span class='ocrx_word' id='word_1_241' title='bbox 532 3041 648 3090; x_wconf 76' lang='lat' dir='ltr'><strong>Aristide</strong></span> <span class='ocrx_word' id='word_1_242' title='bbox 686 3040 831 3100; x_wconf 82' lang='lat' dir='ltr'><strong>cellarius,</strong></span> <span class='ocrx_word' id='word_1_243' title='bbox 860 3042 928 3091; x_wconf 86' lang='lat' dir='ltr'><strong>adeo</strong></span> <span class='ocrx_word' id='word_1_244' title='bbox 946 3045 975 3092; x_wconf 88' lang='lat' dir='ltr'><strong>ut</strong></span> <span class='ocrx_word' id='word_1_245' title='bbox 987 3037 1113 3090; x_wconf 83' lang='lat' dir='ltr'><strong>meliores</strong></span> <span class='ocrx_word' id='word_1_246' title='bbox 1131 3041 1205 3110; x_wconf 74' lang='lat' dir='ltr'><strong>cibos</strong></span> 
     </span>
     <span class='ocr_line' id='line_1_30' title="bbox 131 3117 1206 3188; baseline -0.005 -18"><span class='ocrx_word' id='word_1_247' title='bbox 131 3119 205 3170; x_wconf 85' lang='lat' dir='ltr'><strong>Orat.</strong></span> <span class='ocrx_word' id='word_1_248' title='bbox 216 3121 243 3168; x_wconf 70' lang='lat'><strong>2.</strong></span> <span class='ocrx_word' id='word_1_249' title='bbox 262 3121 349 3182; x_wconf 53' lang='grc' dir='ltr'><strong>ωδε</strong></span> <span class='ocrx_word' id='word_1_250' title='bbox 370 3117 478 3188; x_wconf 74' lang='grc' dir='ltr'><strong>μόριον</strong></span> <span class='ocrx_word' id='word_1_251' title='bbox 491 3119 649 3184; x_wconf 78' lang='grc' dir='ltr'><em>πολεμικῆς</em></span> <span class='ocrx_word' id='word_1_252' title='bbox 687 3117 734 3166; x_wconf 91' lang='lat' dir='ltr'><strong>tibi</strong></span> <span class='ocrx_word' id='word_1_253' title='bbox 750 3132 779 3166; x_wconf 86' lang='lat' dir='ltr'><strong>ex</strong></span> <span class='ocrx_word' id='word_1_254' title='bbox 794 3131 864 3180; x_wconf 89' lang='lat' dir='ltr'><strong>penu</strong></span> <span class='ocrx_word' id='word_1_255' title='bbox 876 3133 1002 3182; x_wconf 89' lang='lat' dir='ltr'><strong>promere</strong></span> <span class='ocrx_word' id='word_1_256' title='bbox 1021 3121 1062 3171; x_wconf 86' lang='lat' dir='ltr'><strong>vel</strong></span> <span class='ocrx_word' id='word_1_257' title='bbox 1079 3119 1206 3168; x_wconf 75' lang='lat' dir='ltr'><strong>obsonari</strong></span> 
     </span>
     <span class='ocr_line' id='line_1_31' title="bbox 130 3191 1205 3260; baseline -0.004 -12"><span class='ocrx_word' id='word_1_258' title='bbox 130 3199 235 3260; x_wconf 67' lang='grc' dir='ltr'><strong><em>τέχνης</em></strong></span> <span class='ocrx_word' id='word_1_259' title='bbox 275 3201 396 3246; x_wconf 81' lang='lat' dir='ltr'><strong>vocatur.</strong></span> <span class='ocrx_word' id='word_1_260' title='bbox 437 3219 469 3230; x_wconf 91' lang='lat'><strong>-·</strong></span> <span class='ocrx_word' id='word_1_261' title='bbox 508 3191 647 3259; x_wconf 74' lang='lat' dir='ltr'><strong>praeeant]</strong></span> <span class='ocrx_word' id='word_1_262' title='bbox 688 3201 830 3256; x_wconf 79' lang='lat' dir='ltr'><strong>nequeat.»</strong></span> <span class='ocrx_word' id='word_1_263' title='bbox 846 3223 877 3232; x_wconf 94' lang='lat'>—</span> <span class='ocrx_word' id='word_1_264' title='bbox 896 3193 1000 3258; x_wconf 66' lang='lat' dir='ltr'><strong>aterum]</strong></span> <span class='ocrx_word' id='word_1_265' title='bbox 1017 3204 1045 3247; x_wconf 92' lang='lat' dir='ltr'><strong>ut</strong></span> <span class='ocrx_word' id='word_1_266' title='bbox 1058 3197 1108 3246; x_wconf 88' lang='lat' dir='ltr'><strong>0d.</strong></span> <span class='ocrx_word' id='word_1_267' title='bbox 1121 3197 1146 3255; x_wconf 82' lang='lat'><strong>3,</strong></span> <span class='ocrx_word' id='word_1_268' title='bbox 1160 3191 1205 3251; x_wconf 70' lang='lat'><strong>27,</strong></span> 
     </span>
     <span class='ocr_line' id='line_1_32' title="bbox 133 3272 1206 3336; baseline -0.004 -13"><span class='ocrx_word' id='word_1_269' title='bbox 133 3276 271 3333; x_wconf 77' lang='lat' dir='ltr'><strong>«Graeco,</strong></span> <span class='ocrx_word' id='word_1_270' title='bbox 300 3275 327 3322; x_wconf 88' lang='lat' dir='ltr'><strong>id</strong></span> <span class='ocrx_word' id='word_1_271' title='bbox 347 3279 401 3333; x_wconf 85' lang='lat' dir='ltr'><strong>est,</strong></span> <span class='ocrx_word' id='word_1_272' title='bbox 421 3273 552 3336; x_wconf 16' lang='lat' dir='ltr'><strong>‘molliore</strong></span> <span class='ocrx_word' id='word_1_273' title='bbox 570 3273 649 3322; x_wconf 90' lang='lat' dir='ltr'><strong>modo</strong></span> <span class='ocrx_word' id='word_1_274' title='bbox 689 3272 738 3320; x_wconf 81' lang='lat'><strong>18:</strong></span> <span class='ocrx_word' id='word_1_275' title='bbox 767 3279 825 3320; x_wconf 80' lang='lat' dir='ltr'><strong>ater</strong></span> <span class='ocrx_word' id='word_1_276' title='bbox 845 3273 1085 3325; x_wconf 64' lang='lat' dir='ltr'><strong>Hadriae-sinas:</strong></span> <span class='ocrx_word' id='word_1_277' title='bbox 1115 3285 1206 3321; x_wconf 88' lang='lat' dir='ltr'><strong>«mare</strong></span> 
     </span>
     <span class='ocr_line' id='line_1_33' title="bbox 133 3349 1206 3414; baseline -0.002 -14"><span class='ocrx_word' id='word_1_278' title='bbox 133 3353 223 3401; x_wconf 85' lang='lat' dir='ltr'><strong>virere</strong></span> <span class='ocrx_word' id='word_1_279' title='bbox 247 3361 398 3411; x_wconf 80' lang='lat' dir='ltr'><strong>corpusque</strong></span> <span class='ocrx_word' id='word_1_280' title='bbox 420 3363 583 3408; x_wconf 84' lang='lat' dir='ltr'><strong>enereere;»</strong></span> <span class='ocrx_word' id='word_1_281' title='bbox 611 3351 650 3398; x_wconf 88' lang='lat' dir='ltr'><strong>sie</strong></span> <span class='ocrx_word' id='word_1_282' title='bbox 688 3351 804 3409; x_wconf 76' lang='lat' dir='ltr'><strong>agitatur</strong></span> <span class='ocrx_word' id='word_1_283' title='bbox 830 3349 975 3412; x_wconf 81' lang='lat' dir='ltr'><strong>procellis,</strong></span> <span class='ocrx_word' id='word_1_284' title='bbox 1007 3359 1116 3414; x_wconf 91' lang='lat' dir='ltr'><strong>propter</strong></span> <span class='ocrx_word' id='word_1_285' title='bbox 1140 3363 1206 3414; x_wconf 86' lang='lat' dir='ltr'><strong>quas</strong></span> 
     </span>
     <span class='ocr_line' id='line_1_34' title="bbox 129 3429 1206 3492; baseline 0.002 -18"><span class='ocrx_word' id='word_1_286' title='bbox 129 3429 298 3490; x_wconf 63' lang='lat' dir='ltr'><strong>pergraecari</strong></span> <span class='ocrx_word' id='word_1_287' title='bbox 316 3433 357 3476; x_wconf 90' lang='lat' dir='ltr'><strong>est</strong></span> <span class='ocrx_word' id='word_1_288' title='bbox 371 3439 435 3488; x_wconf 84' lang='lat' dir='ltr'><strong>«per</strong></span> <span class='ocrx_word' id='word_1_289' title='bbox 448 3432 530 3476; x_wconf 84' lang='lat' dir='ltr'><strong>totam</strong></span> <span class='ocrx_word' id='word_1_290' title='bbox 543 3432 649 3476; x_wconf 84' lang='lat' dir='ltr'><strong>noctem</strong></span> <span class='ocrx_word' id='word_1_291' title='bbox 689 3439 768 3477; x_wconf 87' lang='lat' dir='ltr'><strong>nemo</strong></span> <span class='ocrx_word' id='word_1_292' title='bbox 798 3440 870 3476; x_wconf 89' lang='lat' dir='ltr'><strong>nuno</strong></span> <span class='ocrx_word' id='word_1_293' title='bbox 900 3429 997 3491; x_wconf 84' lang='lat' dir='ltr'><strong>piseart</strong></span> <span class='ocrx_word' id='word_1_294' title='bbox 1027 3433 1145 3492; x_wconf 85' lang='lat' dir='ltr'><strong>potest.»</strong></span> <span class='ocrx_word' id='word_1_295' title='bbox 1176 3451 1206 3465; x_wconf 86' lang='lat'>-</span> 
     </span>
     <span class='ocr_line' id='line_1_35' title="bbox 131 3501 1015 3570; baseline 0.001 -17"><span class='ocrx_word' id='word_1_296' title='bbox 131 3511 253 3565; x_wconf 76' lang='lat' dir='ltr'><strong>potare.»</strong></span> <span class='ocrx_word' id='word_1_297' title='bbox 277 3529 309 3541; x_wconf 86' lang='lat'>-</span> <span class='ocrx_word' id='word_1_298' title='bbox 327 3517 370 3553; x_wconf 82' lang='lat' dir='ltr'><strong>rest</strong></span> <span class='ocrx_word' id='word_1_299' title='bbox 384 3505 443 3565; x_wconf 80' lang='lat' dir='ltr'><strong>ptto</strong></span> <span class='ocrx_word' id='word_1_300' title='bbox 457 3502 551 3565; x_wconf 80' lang='lat' dir='ltr'><strong>oetoe]</strong></span> <span class='ocrx_word' id='word_1_301' title='bbox 581 3515 650 3552; x_wconf 82' lang='lat' dir='ltr'><strong>useu</strong></span> <span class='ocrx_word' id='word_1_302' title='bbox 688 3501 815 3566; x_wconf 73' lang='lat' dir='ltr'><strong>tutemut‚]</strong></span> <span class='ocrx_word' id='word_1_303' title='bbox 838 3505 1015 3570; x_wconf 78' lang='grc' dir='ltr'><strong>χειμάζειαι.</strong></span> 
     </span>
     <span class='ocr_line' id='line_1_36' title="bbox 132 3579 1208 3645; baseline 0.001 -15"><span class='ocrx_word' id='word_1_304' title='bbox 132 3582 187 3644; x_wconf 76' lang='lat' dir='ltr'><strong>pila</strong></span> <span class='ocrx_word' id='word_1_305' title='bbox 225 3587 251 3630; x_wconf 90' lang='lat' dir='ltr'><strong>te</strong></span> <span class='ocrx_word' id='word_1_306' title='bbox 275 3584 341 3645; x_wconf 82' lang='lat' dir='ltr'><strong>&#39;oqtt</strong></span> <span class='ocrx_word' id='word_1_307' title='bbox 381 3581 491 3640; x_wconf 79' lang='lat' dir='ltr'><strong>«ducit,</strong></span> <span class='ocrx_word' id='word_1_308' title='bbox 527 3579 648 3639; x_wconf 56' lang='lat' dir='ltr'><strong>alticio»</strong></span> <span class='ocrx_word' id='word_1_309' title='bbox 732 3582 853 3632; x_wconf 60' lang='grc' dir='ltr'><strong>ιιι-Ἠ.</strong></span> <span class='ocrx_word' id='word_1_310' title='bbox 903 3579 1073 3645; x_wconf 72' lang='lat' dir='ltr'><strong>latrantem]</strong></span> <span class='ocrx_word' id='word_1_311' title='bbox 1109 3584 1208 3631; x_wconf 82' lang='lat' dir='ltr'><strong>tratum</strong></span> 
     </span>
     <span class='ocr_line' id='line_1_37' title="bbox 132 3659 1209 3721; baseline 0 -13"><span class='ocrx_word' id='word_1_312' title='bbox 132 3659 302 3721; x_wconf 72' lang='grc' dir='ltr'><strong>αηιιοιιι)</strong></span> <span class='ocrx_word' id='word_1_313' title='bbox 329 3664 394 3708; x_wconf 88' lang='lat' dir='ltr'><strong>tune</strong></span> <span class='ocrx_word' id='word_1_314' title='bbox 415 3659 479 3708; x_wconf 88' lang='lat' dir='ltr'><strong>lude</strong></span> <span class='ocrx_word' id='word_1_315' title='bbox 506 3659 589 3719; x_wconf 78' lang='lat' dir='ltr'><strong>pito.»</strong></span> <span class='ocrx_word' id='word_1_316' title='bbox 618 3683 651 3692; x_wconf 93' lang='lat'><em>-</em></span> <span class='ocrx_word' id='word_1_317' title='bbox 688 3661 810 3707; x_wconf 81' lang='lat' dir='ltr'><strong>uentrem</strong></span> <span class='ocrx_word' id='word_1_318' title='bbox 824 3667 902 3709; x_wconf 77' lang='lat' dir='ltr'><strong>noent</strong></span> <span class='ocrx_word' id='word_1_319' title='bbox 915 3660 969 3710; x_wconf 86' lang='lat' dir='ltr'><strong>Sat.</strong></span> <span class='ocrx_word' id='word_1_320' title='bbox 980 3661 1007 3719; x_wconf 70' lang='grc' dir='ltr'><strong>ιι,</strong></span> <span class='ocrx_word' id='word_1_321' title='bbox 1019 3659 1044 3716; x_wconf 85' lang='grc'><strong>8,</strong></span> <span class='ocrx_word' id='word_1_322' title='bbox 1059 3660 1085 3707; x_wconf 88' lang='grc'><strong>5.</strong></span> <span class='ocrx_word' id='word_1_323' title='bbox 1108 3683 1138 3694; x_wconf 89' lang='lat'>-</span> <span class='ocrx_word' id='word_1_324' title='bbox 1160 3659 1209 3708; x_wconf 82' lang='lat' dir='ltr'><strong>Un-</strong></span> 
     </span>
     <span class='ocr_line' id='line_1_38' title="bbox 110 3687 1209 3808; baseline -0.002 -18"><span class='ocrx_word' id='word_1_325' title='bbox 110 3797 114 3808; x_wconf 91' lang='lat'><em>.</em></span> <span class='ocrx_word' id='word_1_326' title='bbox 131 3734 262 3797; x_wconf 65' lang='lat' dir='ltr'><strong>donner]</strong></span> <span class='ocrx_word' id='word_1_327' title='bbox 283 3734 364 3785; x_wconf 80' lang='lat' dir='ltr'><strong>«dum</strong></span> <span class='ocrx_word' id='word_1_328' title='bbox 378 3737 495 3786; x_wconf 81' lang='lat' dir='ltr'><strong>studium</strong></span> <span class='ocrx_word' id='word_1_329' title='bbox 504 3737 583 3786; x_wconf 84' lang='lat' dir='ltr'><strong>huius</strong></span> <span class='ocrx_word' id='word_1_330' title='bbox 593 3735 650 3784; x_wconf 89' lang='lat' dir='ltr'><strong>iudi</strong></span> <span class='ocrx_word' id='word_1_331' title='bbox 667 3687 673 3797; x_wconf 67' lang='lat'><strong>¹</strong></span> <span class='ocrx_word' id='word_1_332' title='bbox 688 3730 738 3793; x_wconf 84' lang='lat' dir='ltr'><strong>de]</strong></span> <span class='ocrx_word' id='word_1_333' title='bbox 756 3735 850 3784; x_wconf 75' lang='lat' dir='ltr'><strong>«Unde</strong></span> <span class='ocrx_word' id='word_1_334' title='bbox 861 3735 931 3786; x_wconf 86' lang='lat' dir='ltr'><strong>eiiiei</strong></span> <span class='ocrx_word' id='word_1_335' title='bbox 944 3744 970 3786; x_wconf 88' lang='lat' dir='ltr'><strong>et</strong></span> <span class='ocrx_word' id='word_1_336' title='bbox 983 3737 1087 3800; x_wconf 79' lang='lat' dir='ltr'><strong>acquiri</strong></span> <span class='ocrx_word' id='word_1_337' title='bbox 1101 3735 1152 3786; x_wconf 89' lang='lat' dir='ltr'><strong>hoc</strong></span> <span class='ocrx_word' id='word_1_338' title='bbox 1162 3748 1209 3802; x_wconf 81' lang='lat' dir='ltr'><strong>ptr-</strong></span> 
     </span>
    </p>
   </div>
   <div class='ocr_carea' id='block_1_9' title="bbox 145 3827 1150 3888">
    <p class='ocr_par' dir='ltr' id='par_1_14' title="bbox 145 3827 1150 3888">
     <span class='ocr_line' id='line_1_39' title="bbox 145 3827 1150 3888; baseline 0 -12"><span class='ocrx_word' id='word_1_339' title='bbox 145 3827 147 3834; x_wconf 47' lang='lat'>‘</span> <span class='ocrx_word' id='word_1_340' title='bbox 195 3848 283 3878; x_wconf 78' lang='lat' dir='ltr'><strong>nonna.</strong></span> <span class='ocrx_word' id='word_1_341' title='bbox 309 3848 422 3878; x_wconf 70' lang='lat' dir='ltr'><strong>amaus.</strong></span> <span class='ocrx_word' id='word_1_342' title='bbox 443 3847 546 3880; x_wconf 57' lang='lat' dir='ltr'><strong>uomit.</strong></span> <span class='ocrx_word' id='word_1_343' title='bbox 1031 3831 1048 3888; x_wconf 82' lang='lat'>7</span> <span class='ocrx_word' id='word_1_344' title='bbox 1144 3863 1150 3876; x_wconf 87' lang='lat'>.</span> 
     </span>
    </p>
   </div>
   <div class='ocr_carea' id='block_1_10' title="bbox 0 0 1347 4128">
    <p class='ocr_par' dir='ltr' id='par_1_15' title="bbox 0 0 1347 4128">
     <span class='ocr_line' id='line_1_40' title="bbox 0 0 1347 4128; baseline 0 0"><span class='ocrx_word' id='word_1_345' title='bbox 0 0 1347 4128; x_wconf 95' lang='lat' dir='ltr'><strong> </strong></span> 
     </span>
    </p>
   </div>
  </div>
 </body>
</html>
