2658 4128
147 165 225 238 160
497 188 858 237 uonnrnsnrmnuum

141 329 317 410 Multoque
339 321 380 391 de
402 345 523 414 magne
543 328 758 410 superessent
780 326 907 391 fercula
928 339 1049 406 coone,

141 443 236 526 Quae
257 449 374 530 procul
396 447 576 510 exstructis
597 446 728 508 inerunt
749 441 906 506 besterna
928 442 1093 506 canistris
1152 433 1213 525 105

139 563 233 651 ldrgo
255 566 310 628 ubi
332 581 499 648 purpureo
521 567 710 646 porrectum
731 561 765 623 in
785 563 883 624 veste
905 559 1062 654 locavits

139 682 336 768 Agrestem,
357 681 462 745 veluti
482 683 672 746 succinctus
693 680 833 744 cursitet
854 677 979 760 hospes
1150 653 1153 659 ¹

139 800 383 886 continuatque
405 798 509 883 depes
529 815 592 864 ncc
614 816 681 860 non
702 797 876 864 verniliter
895 796 978 878 ipsis
995 819 996 823 ¹

137 917 304 1003 Fungitur
325 916 457 1001 ciliciis,
478 917 710 1000 praelambens
731 931 826 1013 omne
848 912 936 998 quod
957 913 1064 978 offert

137 1035 200 1098 lile
221 1035 348 1099 cubans
368 1034 494 1121 gaudet
515 1037 640 1098 mutate
660 1036 753 1096 sorte
778 1033 939 1114 bonisque

136 1151 252 1216 Rebus
272 1152 344 1235 ogit
365 1152 487 1216 lectum
507 1153 701 1234 convivam,
722 1167 794 1215 cum
815 1151 925 1214 subito
940 1151 1068 1236 'ingens

136 1269 318 1334 Volucrum
339 1272 499 1353 strepitus
519 1271 616 1334 lectis
637 1269 786 1333 excussit
806 1271 987 1352 utrumque.

137 1387 280 1454 Currere
300 1405 362 1470 per
385 1389 487 1450 totum
508 1385 622 1468 pavidi
643 1386 820 1466 conclave,
840 1389 1012 1473 magisque

136 1484 314 1582 Excnimcs
336 1504 521 1589 trepidare,
546 1503 640 1568 simul
663 1503 779 1568 domus
799 1505 868 1568 ulte
889 1504 1051 1571 Molossis

134 1623 313 1691 Personult
334 1625 481 1690 cunibus
522 1621 604 1687 Tum
624 1622 785 1688 rusticus:
810 1621 910 1688 Huud
930 1623 1008 1686 mibi
1028 1625 1100 1688 vitu
1145 1621 1206 1682 lib

134 1743 197 1810 ltlst
220 1763 304 1830 opus
324 1744 404 1824 boc,
425 1746 489 1819 ott,
511 1745 554 1806 ct·
566 1743 699 1826 vulcos3
719 1759 771 1806 me
792 1741 879 1806 silve
892 1759 1068 1826 carusque

135 1862 242 1928 'lutus
262 1864 305 1929 cb
327 1861 454 1927 insidiis
474 1861 566 1926 tenui
587 1861 749 1928 solabitur
770 1879 861 1926 ervo.

187 2019 216 2122 v:
234 2069 294 2120 109.
310 2069 462 2132 praelibant
480 2071 511 2120 Β.
531 2069 593 2119 Fen.

153 2239 339 2296 'tot-too.
373 2242 481 2306 promi]
519 2259 650 2309 «propes
687 2247 785 2298 siseris
807 2254 834 2298 el
853 2249 968 2311 prompti
990 2250 1151 2299 ministrat.»
1173 2273 1203 2288 -

135 2323 222 2374 Gloss.
239 2322 305 2373 Cod.
322 2321 442 2384 Suugull.
471 2322 541 2373 Sene
558 2326 651 2386 promi
684 2323 884 2388 praelambens]
907 2326 1005 2388 uptun
1030 2343 1056 2378 u.
1074 2329 1107 2378 de
1126 2341 1204 2378 mure

117 2415 196 2452 cum
209 2401 361 2450 distantiam
375 2400 450 2450 nullu
464 2414 590 2451 mensure
605 2403 650 2452 de·
688 2417 736 2466 pro
746 2418 788 2464 eo,
807 2405 920 2467 quodde
929 2405 1038 2454 bomine
1048 2411 1205 2467 essetprcs-

132 2480 236 2530 fluitum
248 2479 394 2542 significet,
410 2479 545 2528 interdum
567 2478 650 2541 expli·
685 2489 801 2545 postam,
820 2487 866 2530 «ut
878 2481 955 2532 ultori
965 2482 1106 2544 significet,
1122 2495 1203 2544 quum

133 2559 189 2608 curi
207 2559 286 2608 debet
305 2560 398 2616 luctu,
421 2557 463 2608 vol
482 2557 647 2606 accuratius:
686 2560 751 2610 inuti
769 2560 821 2609 siut
842 2560 921 2608 cibi.»

133 2635 410 2698 cunigundistantium
436 2633 479 2683 Sic
493 2634 559 2697 Epp.
578 2636 603 2694 1,
621 2635 647 2694 7,
720 2621 874 2688 lii-117.
911 2635 986 2702 apli]
1018 2638 1149 2699 «praebet
1174 2651 1203 2686 sc

132 2713 176 2762 32.
213 2711 648 2775 Virg.xllcl.b‚1d:Sertcpro·
684 2714 798 2762 hilarem
815 2715 985 2766 convivam.»
1010 2739 1040 2750 -
1059 2715 1144 2764 subito
1162 2716 1204 2763 e'n-

131 2789 646 2850 ool,tantomcopitidoioponiacebant.
683 2789 758 2853 pens]
788 2791 964 2853 cogitandum
986 2793 1019 2842 do
1039 2792 1134 2851 serris,
1154 2793 1203 2854 qul

133 2892 163 2904 -
177 2864 307 2928 canistris]
326 2872 355 2917 ut
373 2867 459 2930 primo
472 2877 552 2914 mnne
565 2879 580 2915 u
594 2878 648 2914 ser·
683 2868 732 2916 sub
739 2867 887 2918 diluculum
894 2869 1021 2920 concisse
1027 2869 1115 2930 scopis
1121 2882 1202 2931 spou-

130 2945 171 2996 uis
207 2950 397 3008 amoverentur
435 2948 647 3005 purgareturquc
684 2945 788 3008 gilsquc
812 2946 950 3006 purgaturi
972 2950 1064 3004 orunt3
1084 2956 1201 3007 quorum

130 3023 288 3072 triclinium.
303 3047 335 3056 -
352 3015 508 3082 succinctus]
530 3025 559 3068 ut
579 3020 646 3068 sole·
683 3023 794 3083 slrcpltu
809 3023 890 3071 simul
908 3024 1057 3075 excitentur
1077 3022 1200 3078 molossi,

43 3079 51 3104 ⁸
129 3101 194 3148 bont
206 3112 265 3148 esse
278 3103 433 3157 structores,
455 3109 555 3146 coenae
569 3097 647 3148 miul—
684 3098 779 3148 domus
789 3101 924 3150 custodes.
934 3123 964 3134 -
973 3098 1071 3162 culeos]
1087 3101 1131 3149 oin
1142 3113 1201 3161 pcr-

129 3177 187 3224 stri.
215 3199 245 3210 -
274 3171 434 3235 Continuat]
461 3188 562 3224 «unum
587 3180 646 3235 post
683 3181 807 3236 potuum:
834 3189 885 3237 ego
905 3177 977 3226 enim
995 3178 1047 3226 buc
1065 3177 1200 3226 rediturus

128 3253 242 3306 alterurn
263 3251 353 3301 cibum
377 3252 484 3302 assidue
505 3251 643 3313 apponit.»
683 3265 820 3316 nunquam
831 3266 919 3306 sum.»
932 3275 962 3286 -
975 3251 1073 3316 mum]
1086 3254 1200 3316 legumi-

69 3373 72 3388 ,
128 3353 161 3365 -
184 3325 334 3390 verniliter]
358 3329 448 3392 «ipse,
475 3342 536 3378 cum
553 3341 644 3379 servos
682 3330 723 3381 uis
741 3343 840 3391 genus,
858 3330 959 3380 Graece
971 3324 1097 3401 ὄροβος,
1120 3332 1199 3380 uobis

111 3397 183 3456 'nou
208 3406 331 3463 baberet,
362 3405 390 3454 in
411 3406 521 3454 modum
545 3418 644 3456 vornuc
681 3407 888 3456 lllclucrerbcc
906 3407 1057 3459 vellitus.
1138 3463 1141 3470 ,
