2644 4112
512 139 514 144 ·
535 143 606 200 ntro
621 143 641 196 v.
682 142 755 197 snr.
775 142 807 189 u.

17 353 18 356 Ἴ
133 275 295 343 Monitico
317 293 393 372 esse
414 277 510 362 licet,
531 276 634 344 vellet
655 277 763 345 bonus
783 279 886 360 atque
906 277 1070 364 benignus

47 398 51 403 '
133 395 237 476 Esse,
259 394 354 460 daret
376 397 533 478 quantum
554 395 638 460 satis
662 397 837 467 essetnec
858 395 920 460 sibi
942 393 1059 460 damno
1121 475 1124 481 Ι
1146 477 1149 482 ¹

133 513 365 597 Dedecorique
387 513 485 579 foret.
528 513 651 586 Verum
671 511 736 578 hoc
757 530 794 576 se
815 513 1025 594 amplectitur
1045 530 1127 597 uno,

133 633 208 698 Hoc
230 636 318 697 emat
341 635 375 696 et
396 631 528 697 laudnt:
550 631 743 696 Matronum
763 630 886 694 nullam
907 649 971 716 ego
994 632 1108 718 tango.

134 749 181 817 Ut
203 749 367 837 quondam
388 734 584 832 Marsaeus,
604 751 733 814 amator
755 745 904 836 Originis
924 749 998 826 ille,
1153 743 1206 830 ν55

134 857 199 938 Qui
223 870 364 946 petrium
386 869 499 934 mimae
522 866 625 930 donat
646 864 845 958 fundumque
866 867 1048 951 laremque,

48 988 49 996 ’
133 977 312 1044 ΝἰΗιιεῐίὲ
333 985 391 1070 mi,
411 986 531 1071 inquit,
554 1002 627 1056 cum
648 984 807 1048 uxoribus
828 1003 968 1068 unquam
990 986 1118 1052 alienis.

135 1093 259 1182 ¹Verum
280 1100 333 1160 est
355 1115 428 1162 oum
449 1103 568 1184 mimis,
592 1105 644 1164 est
666 1119 738 1168 cnm
759 1104 999 1185 meretricibus,
1021 1103 1108 1168 unde
1182 1077 1185 1082 ¹

134 1214 237 1303 Fama
259 1215 375 1280 melum
397 1193 536 1308 gravius
558 1237 655 1303 quam
674 1237 729 1282 res
749 1220 859 1284 trahit.
913 1221 969 1285 An
995 1222 1055 1286 tibi
1075 1221 1206 1288 abunde

134 1332 326 1397 Personam.
339 1335 423 1400 setis
445 1339 516 1421 est,
538 1356 605 1400 non
625 1335 724 1420 illud,
746 1336 902 1421 quidquid
923 1339 1042 1422 ubique
1166 1335 1206 1394 6⁰

134 1449 262 1534 dilicit,
285 1445 587 1554 evitaret-Bonam
610 1451 793 1537 deperdere
814 1454 949 1538 somam,
1268 1429 1276 1437 ¹

135 1569 219 1634 Rem
241 1570 347 1652 patris
369 1571 542 1654 oblimare,
563 1571 680 1636 malum
703 1575 754 1653 est
773 1568 970 1656 ubicunque.
992 1569 1079 1652 Quid
1099 1575 1206 1641 inter.

134 1687 198 1764 Est
219 1689 254 1750 in
275 1691 442 1772 matrona,
463 1691 583 1754 ancilla
605 1707 768 1771 peccesne
789 1682 935 1777 togata?

134 1806 255 1871 Villius
274 1806 459 1884 inlausta
480 1801 595 1874 Sullae
615 1825 738 1894 gener,
759 1805 822 1872 hoc
843 1809 1029 1902 miscr‘uno
1052 1862 1055 1867 .
1140 1856 1142 1865 .

57 1917 59 1926 ’
130 1924 274 1997 Nomine
296 1923 478 2008 deceptus,
500 1943 627 2008 poenos
647 1904 737 1988 dedit·
760 1927 862 2007 usque
884 1943 1073 2010 superque·
1165 1925 1205 1988 66
1303 1961 1305 2008 5

134 2097 136 2100 ·
188 2109 214 2146 v.
226 2079 278 2146 nt.
299 2097 345 2146 un
364 2095 457 2146 nune
474 2091 559 2147 coro.
578 2095 643 2160 usq.

133 2218 233 2268 sororis
262 2216 370 2267 Salustii
397 2219 518 2269 historici
542 2220 576 2269 ab
600 2220 652 2269 boo
690 2232 714 2268 c.
731 2215 804 2282 tto.)
824 2224 877 2269 tres
895 2223 1050 2271 meretrices
1072 2223 1206 2272 nobilissi-

133 2297 289 2358 adoptstus‚
318 2297 352 2345 ad
369 2309 450 2359 quem
468 2296 574 2346 circiter
594 2296 650 2344 XV.
689 2308 763 2355 mae,
791 2295 892 2358 origo,
920 2297 1043 2360 Lycoris,
1074 2305 1101 2348 et
1121 2299 1206 2349 Arbu-

134 2373 413 2440 annis'postsoripsit
430 2372 480 2422 Od.
501 2374 528 2432 2,
549 2374 576 2423 2.
613 2373 652 2420 lic
689 2372 792 2422 scula.»
821 2373 911 2424 Contu.
932 2373 1016 2431 cuno.
1047 2399 1075 2410 -
1105 2373 1205 2438 doum]

133 2463 166 2499 eo
188 2450 299 2500 consule
316 2451 402 2500 Tacit.
421 2449 492 2499 Anu.
512 2453 543 2508 1,
562 2449 589 2498 o.
620 2448 651 2509 3,
689 2449 753 2498 Ill.
770 2449 797 2498 in
810 2450 993 2512 propositione
1004 2451 1117 2501 relativa
1131 2465 1207 2513 prae·

133 2527 176 2576 30.
209 2529 269 2576 Fuit
282 2531 340 2590 post
357 2527 520 2578 Maecenatis
538 2529 651 2575 mortem
688 2539 751 2576 sens
764 2540 813 2588 pro
826 2526 961 2588 perlecto,
976 2531 1015 2574 ut
1027 2526 1091 2578 alibi
1104 2528 1132 2576 in
1145 2541 1206 2579 nar·

132 2604 266 2666 particeps
284 2611 449 2667 secretorum
465 2603 589 2664 Augusti.
626 2604 651 2652 ls
689 2604 837 2654 rationibus
850 2603 1148 2665 directis—Nilidem
1159 2601 1206 2665 mi]

132 2683 160 2730 b.
183 2681 204 2730 l.
225 2682 397 2750 adolescens,
428 2686 458 2732 ut
478 2686 555 2730 erant
574 2680 652 2742 pleri·
689 2679 832 2731 lilanilesto
845 2679 960 2729 Marsaci
974 2681 1135 2738 suntvorha‚
1151 2693 1205 2731 uon

133 2771 185 2822 que
203 2771 270 2820 quos
294 2771 342 2820 per
360 2757 463 2821 priores
485 2759 579 2808 satiras
598 2755 652 2808 vel·
689 2757 811 2814 Salustii,
832 2756 878 2817 qni
895 2756 933 2804 sio
951 2755 1022 2804 idem
1038 2756 1078 2804 bis
1094 2755 1204 2806 diceret.

132 2835 210 2894 licat,
231 2835 362 2884 insanisse
381 2836 409 2882 in
423 2835 576 2891 libertinas,
597 2847 652 2882 ma·
691 2857 721 2868 -
748 2829 908 2892 Personam]
938 2831 1148 2880 «condicionem
1174 2821 1206 2882 ae

133 2924 215 2974 gnam
244 2912 388 2973 pecuniam
415 2911 444 2960 in
472 2923 517 2960 cas
551 2912 653 2958 insum·
688 2915 786 2959 statum
805 2909 956 2967 alienius‚»
975 2909 1003 2957 ir.
1018 2907 1037 2956 l.
1056 2912 1204 2962 matronae.

35 3001 38 3004 ·
132 2990 219 3050 psisse
243 2988 349 3037 dicitur.
379 3012 406 3023 -
436 2989 482 3036 boo
506 2999 533 3036 rc
556 2987 652 3048 ample·
690 3010 721 3020 -
744 2983 883 3048 oblimare]
911 2986 943 3034 Ut
972 2984 1079 3035 illuvies
1106 2983 1206 3046 pingue

132 3061 233 3126 alitur]
273 3066 344 3114 «boc
376 3063 434 3134 solo
467 3064 517 3112 sibi
549 3063 652 3114 blandi·
688 3067 794 3122 pratum
811 3063 872 3110 limo
892 3061 1001 3110 obducit
1020 3065 1100 3122 atque
1116 3061 1206 3122 sterile

79 3133 84 3137 ’
133 3149 204 3191 ιω.»
223 3141 289 3190 Acn.
311 3163 341 3176 -
362 3140 417 3189 Hoc
434 3136 525 3200 emat]
546 3139 591 3188 Est
606 3152 651 3201 po·
688 3138 788 3192 reddit,
809 3129 1207 3200 siopatrimdntumaprodigo

71 3270 80 3277 ,
132 3218 187 3284 tius
215 3217 347 3267 ablativus
379 3221 508 3278 «propter
538 3217 589 3264 hon
622 3228 650 3264 se
688 3215 865 3262 consumitur.
881 3238 911 3248 -
930 3210 1143 3276 ondllotopoto]
1162 3213 1207 3263 Sin

133 3284 216 3352 amat,
227 3293 370 3354 φίλαυτος
378 3289 468 3350 ἐστὶν,
482 3295 591 3353 propter
599 3292 650 3339 boc
688 3292 861 3352 contemptim
874 3295 952 3341 vocat
963 3290 1117 3349 libertinas,
1137 3304 1206 3354 quse
1254 3295 1257 3301 '

133 3370 303 3420 selaudatrn
324 3381 405 3430 quam
422 3369 614 3418 nominativus.
688 3367 779 3415 tunica
803 3371 830 3414 et
858 3371 919 3426 toga
944 3380 993 3429 pro
1020 3371 1206 3416 matronarum

134 3504 136 3508 ,
168 3447 238 3496 55-
248 3445 291 3494 63.
311 3441 455 3507 quondam]
472 3445 591 3492 «abhinc
603 3441 650 3491 ali·
688 3442 755 3491 stota
769 3447 795 3490 et
807 3442 879 3504 palla
893 3437 1082 3494 vestiebantur.

127 3528 198 3587 quot
217 3534 331 3572 annos.»
352 3517 550 3580 -MarsacusJ
569 3521 650 3568 bomo
751 3551 755 3554 -
1024 3572 1041 3585 ι,
1098 3569 1102 3576 ,

133 3602 295 3664 ignomn-
310 3593 441 3660 ormino]
464 3597 585 3645 «nomas
595 3596 651 3644 rue·
722 3595 844 3646 ott-rs.
884 3591 992 3655 vertum]
1011 3581 1123 3643 fortasse
1145 3593 1204 3644 sex.

123 3683 198 3728 'runt
210 3676 306 3726 eodem
321 3680 439 3735 tempore
453 3669 570 3735 (circiter
582 3686 607 3722 a.
621 3685 648 3722 u.
688 3672 783 3730 Villius
799 3669 946 3734 (Annalis),
963 3670 1075 3728 Milonis
1092 3669 1206 3720 inmitia·
1222 3725 1225 3730 ,

220 3783 307 3821 nonar.
331 3783 445 3819 sororia.
470 3782 524 3812 von.
540 3781 567 3815 rr.
1021 3762 1040 3818 2
