2632 4100
137 121 217 192 m
381 217 384 222 ,
474 113 642 199 'n'onnru
664 153 843 202 cannunuu

220 282 366 350 Vincunt
388 303 532 370 aequora
554 291 707 372 navitae,

260 405 423 491 Magnum
444 409 620 490 pauperies
642 409 851 493 opprobrium
866 410 963 477 iubet

199 521 362 602 ,Quidvis
385 528 418 588 et
441 525 552 590 facere
576 530 610 592 et
634 528 702 611 patl

261 642 467 728 vocatisque
489 645 575 708 viam
597 645 722 713 deserit
743 640 901 712 arduae?

215 835 283 899 'Vel
305 853 367 898 nos
387 835 421 896 ln
443 825 658 918 Capitolium,

213 997 215 1001 -
260 952 334 1033 Quo
356 955 481 1018 clamor
502 957 602 1017 vocat
624 957 658 1018 et
680 956 778 1020 turba
798 953 997 1036 lavantium,
1081 939 1084 947 ¹

218 1072 282 1137 Vel
304 1090 367 1136 noa
387 1072 421 1134 in
443 1088 532 1134 mare
555 1073 736 1154 proximum
790 1129 793 1138 ,

260 1179 413 1256 Gemmas
435 1192 469 1252 et
490 1188 639 1276 lapides,
655 1209 776 1259 ,nurum
796 1195 830 1256 ct
851 1192 983 1281 inutile,
1079 1263 1082 1270 ,

119 1397 120 1402 ’
218 1379 343 1448 Summi
364 1381 530 1444 materiem
553 1383 646 1463 mali,

259 1499 449 1579 mittamus,
471 1499 633 1564 scelerum
654 1501 683 1566 si
706 1501 789 1566 bene
811 1505 971 1586 poenitet.
1167 1502 1208 1562 50

218 1617 398 1710 Eradenda
418 1617 582 1701 cupidinis

260 1737 362 1804 Pravi
384 1739 465 1802 surtt
486 1711 649 1804 elementa
670 1740 704 1804 et
726 1739 862 1804 tenerae
883 1739 978 1802 nimis

161 1966 170 1986 ζ
188 1998 214 2034 v.
233 1983 278 2032 dd.
298 1981 410 2034 dmerem
428 1981 460 2032 li.-
479 1981 551 2042 cani.
569 1992 572 2002 ·

137 2182 249 2239 «Nives,
259 2192 328 2242 quae
338 2179 455 2240 primum
465 2183 555 2240 putres
568 2181 653 2236 erant,
692 2179 947 2241 triumphantibus.»
961 2203 992 2216 -
1005 2179 1161 2245 [ocentiam]
1175 2181 1209 2230 de
1308 2177 1309 2184 ’

136 2260 200 2322 gelu
222 2259 364 2308 adstrictae
385 2255 497 2305 tirmiter
522 2256 578 2305 illic
597 2256 654 2305 solo
693 2257 769 2306 lactis
784 2257 1038 2318 acclamationibus,
1059 2265 1087 2308 ut
1106 2259 1163 2308 Liv.
1183 2259 1209 2317 l,

136 2337 312 2388 adhaerent.»
654 2361 662 2378 ·
693 2333 740 2383 12:
769 2333 977 2398 etttleqaidem,
997 2335 1211 2385 adamationem

171 2413 292 2464 d2-dlt.
336 2407 476 2474 Mapnam]
508 2409 606 2472 Repete
623 2423 655 2458 ox
691 2408 842 2460 vocantibus
863 2413 930 2468 suis,
960 2414 1050 2476 secere
1068 2413 1211 2462 multorum

135 2489 282 2555 praeccdd.
301 2490 333 2537 st.
348 2513 380 2524 -
395 2485 506 2536 Virtutis
518 2510 529 2521 ·
540 2482 653 2548 ardeae]
691 2489 784 2536 addito
800 2491 889 2537 animo
907 2491 1005 2541 euadit.

135 2578 234 2628 aquam
253 2566 398 2614 colereter
412 2567 451 2612 est
463 2561 608 2612 difficilis.»
725 2565 770 2614 tl.
788 2565 832 2614 48.
859 2564 976 2628 Velnos]
997 2567 1061 2616 uvel
1074 2581 1210 2617 summum

140 2661 146 2670 ·
169 2643 214 2692 45.
253 2643 297 2691 Vct
322 2638 387 2702 nos]
424 2641 524 2702 impetu
550 2641 654 2702 poetico
692 2642 844 2692 divitiarum
875 2649 1059 2707 contemptum
1089 2647 1210 2696 tentaturi

133 2720 262 2781 abreptus
272 2719 380 2775 suadet,
401 2719 547 2768 utdivitiae
560 2731 655 2768 omnes
692 2733 801 2768 causam
817 2724 843 2769 ct
863 2721 1003 2771 materiem
1017 2723 1150 2773 malorum
1163 2739 1220 2774 ιιο·Ι

133 2797 208 2848 illico
221 2802 301 2860 atque
312 2797 339 2845 ln
353 2801 512 2858 perpetuum
530 2797 655 2846 abolean·
692 2802 808 2846 atrorum
835 2795 863 2846 in
890 2811 965 2846 mare
995 2800 1155 2849 deiiciamus
1184 2805 1214 2852 et

133 2882 187 2925 tur.
224 2875 653 2937 natuquidemduobusmodis,
692 2874 801 2935 quidem
819 2875 847 2922 tn
869 2876 1019 2934 proximum
1042 2889 1128 2934 mare,
1156 2889 1211 2936 qno

134 2953 205 3002 inter
223 2965 290 3014 quos
309 2952 483 3014 popularibus
499 2951 553 3000 suis
570 2952 654 3013 optio·
692 2952 769 2999 citius
790 2963 850 2999 eam
862 2941 904 2998 ‘in
924 2951 1117 3012 sempiternum
1136 2965 1212 3000 amo·

131 3031 272 3082 nemdat:
293 3028 416 3082 aveleas
431 3029 654 3090 inlorisCapito-
691 3039 829 3076 neamus.»
856 3049 885 3060 -
914 3027 1032 3076 Gemmas
1049 3025 1211 3090 etvtapidna]

131 3110 181 3160 lini
195 3108 307 3167 cellam,
327 3105 378 3156 diis
396 3107 591 3156 immortalibus
614 3117 654 3153 sa·
692 3105 741 3154 Ubi
759 3103 889 3154 baec'vv.
908 3105 1057 3164 iunguntur
1074 3117 1089 3154 a
1109 3107 1209 3168 poetis,

132 3186 263 3245 orandas,
283 3185 409 3235 humanis
427 3185 519 3232 usibus
537 3183 654 3232 oximen·
691 3183 850 3245 plerumque
869 3195 982 3244 pammac
1001 3183 1156 3244 significant
1172 3183 1210 3231 la-

132 3263 180 3313 das
199 3269 433 3325 comportemus»,
455 3258 541 3324 (quod
559 3275 586 3310 v.
606 3260 653 3309 eli·
692 3260 765 3322 pides
784 3260 928 3321 pretiosos,
956 3257 1076 3324 (intaplt,
1095 3257 1208 3321 carnei),

131 3341 259 3390 ciendum
272 3356 287 3390 e
300 3354 358 3402 seq.
368 3341 519 3388 mittamus:
526 3335 536 3396 )
556 3349 652 3400 «quam
691 3338 1208 3400 lapidesverounionesmargaritasque.

131 3421 245 3471 divitum
268 3431 394 3485 pompam
417 3417 487 3465 ultro
505 3429 569 3477 opes
591 3427 652 3464 suas
724 3415 768 3464 ta.
788 3417 831 3465 50.
869 3413 1077 3476 Summi-moti]
1098 3414 1207 3472 «titud,

130 3499 189 3550 lovi
214 3497 398 3546 dedicantium
423 3496 549 3556 sequetur
562 3491 652 3541 totius
675 3506 866 3560 aquoomue
879 3495 980 3542 malum
996 3493 1081 3541 oritur
1098 3503 1130 3539 ac
1146 3503 1210 3552 pen·
1226 3547 1231 3552 ,

131 3577 224 3640 populi
250 3575 365 3624 Romani
394 3573 536 3621 multitudo
566 3571 652 3619 lausto
691 3571 763 3620 det.»
791 3593 822 3606 ·-
855 3572 976 3620 scelernm
998 3569 1022 3618 st
1044 3568 1104 3616 bete
1135 3563 1209 3628 (vera

124 3649 252 3704 'clamore
265 3657 320 3702 tam
335 3663 466 3712 generoso
484 3648 653 3710 corrsilioap·
691 3653 771 3710 atque
781 3663 811 3697 ex
829 3649 912 3697 animi
923 3640 1065 3704 sententia)
1083 3639 1207 3704 poenitet]

129 3733 280 3794 plausum,
317 3729 546 3793 quemadmodum
585 3721 654 3776 solet
691 3727 811 3790 «quippe
824 3725 892 3776 illud
907 3727 1015 3776 demum
1028 3719 1209 3772 certissimum
