2562 4108
441 187 505 234 tta.
524 189 558 236 ll·
598 191 652 239 on.
674 193 719 239 xl·

148 319 265 386 liebus
284 323 439 412 angustie
458 327 625 394 animosae
644 332 746 415 atque

148 438 261 504 Fortis
282 461 423 530 appare3
441 448 612 530 aepicnter
632 448 717 514 idern

145 554 337 626 Contrehca
355 568 459 644 vento
479 568 607 630 nimium
629 567 777 635 recondo

272 679 423 770 Turgida
443 687 528 751 vein

491 967 711 982 m

428 1185 600 1278 01)ss
651 1191 748 1278 xl.

370 1401 451 1456 an
485 1403 830 1472 onrnrrnrn

232 1617 323 1699 Quid
348 1620 526 1686 bellicosus
548 1616 717 1688 Cantaber
740 1626 775 1687 et
792 1616 957 1710 Scythes,

153 1719 162 1738 ⁶
234 1739 377 1822 Hirpine
397 1736 526 1822 onan,
551 1742 678 1830 rogitet
702 1735 830 1808 Hadria

279 1858 417 1922 Divisae
435 1860 585 1948 obiecto,
607 1861 758 1925 remittas

243 1983 247 2000 '
320 1974 490 2056 Quaerere
510 1997 574 2044 neo
598 1980 747 2063 trepides
769 1982 803 2044 in
823 2000 917 2046 usum

97 2234 139 2284 22.
161 2227 289 2295 appare]
311 2235 454 2280 «menstra
475 2235 501 2280 te
521 2237 590 2282 cete·
661 2233 709 2284 x1.
729 2235 869 2295 Quintium
886 2233 1044 2298 Hirpinum,
1066 2237 1143 2286 rodr-

66 2310 99 2358 ris
122 2303 318 2360 homininum
627 2297 681 2360 lem
699 2325 792 2370 anum,
814 2313 848 2360 ad
865 2325 946 2373 quem
967 2317 1008 2362 ert
1022 2309 1089 2374 Epp.
1111 2313 1142 2372 1,

96 2389 141 2439 23.
178 2388 329 2438 Ceutrones
353 2382 451 2446 vento]
487 2386 591 2435 Desinit
627 2387 688 2446 16..
708 2389 742 2438 ad
755 2389 905 2452 rapientem
921 2389 992 2438 ritae
1007 2402 1086 2438 nsum
1100 2400 1143 2438 cx·

67 2477 176 2514 carmen
198 2465 234 2514 in·
249 2464 346 2512 eadem
368 2463 512 2524 allegoria,
536 2478 589 2526 qua
628 2466 758 2516 hortatur.
807 2467 941 2530 Scriptum
969 2471 1009 2515 ert
1033 2478 1143 2515 carmen

66 2543 92 2596 ir
130 2543 248 2594 exordio
292 2555 358 2589 usus
398 2545 466 2589 erat.
529 2541 591 2590 Vela
628 2556 732 2592 a.u.c.
752 2543 813 2592 733.

67 2617 168 2682 (passa)
184 2619 341 2669 contrahere
359 2613 413 2680 (vel
425 2618 589 2666 subtrahere:
663 2621 689 2668 1.
709 2616 854 2680 Cantaber]
876 2620 921 2669 diu
939 2619 1060 2669 rebellis.
1087 2618 1143 2670 crr.

66 2699 187 2763 Propert.
208 2698 237 2756 3,
256 2697 285 2755 3,
303 2697 353 2746 3⁰:
381 2695 520 2744 Ventorum
537 2693 592 2756 ple·
629 2698 724 2758 OM,
742 2697 773 2756 a,
793 2699 820 2746 2.
847 2697 942 2756 033,
961 2698 1051 2755 8,22.
1075 2697 1143 2761 lipp.

65 2791 110 2826 nor
139 2775 276 2826 suenone
304 2773 359 2834 ipre
389 2769 495 2836 einum)
522 2766 592 2823 rino·
630 2775 660 2832 1,
682 2774 729 2839 12,
750 2774 794 2822 26.
814 2797 844 2809 -
866 2770 980 2836 Scptter]
1004 2773 1047 2822 Sic
1068 2779 1145 2824 vocat

67 2853 196 2905 στέλλειν
233 2847 271 2900 τὰ
306 2849 399 2910 ἱστία,
432 2849 525 2896 dieunt
559 2849 591 2897 de
630 2851 775 2910 Sarmatas,
791 2851 908 2899 Danubii
921 2850 1036 2910 accolae,
1057 2856 1084 2900 et
1096 2850 1146 2901 Ge-

69 2933 147 2981 modo
168 2927 308 2991 sapienter
327 2926 459 2986 tenendo,
484 2925 529 2973 ubi
552 2927 592 2974 ni·
629 2927 717 2976 tonos.
738 2928 788 2976 od.
808 2929 839 2987 2,
858 2929 890 2988 9,
909 2929 954 2976 23.

67 3009 121 3056 mia
143 3007 255 3056 fortuna
280 3003 314 3054 ad
334 3003 433 3052 fastum
451 3015 483 3050 ac
502 3015 592 3064 super·
664 3006 691 3054 2.
713 3006 822 3066 Hirpine
844 3001 948 3066 Quinti]
973 3005 1080 3067 Hirpini
1102 3007 1148 3054 ad·

69 3087 140 3134 biam
159 3097 211 3134 nos
230 3081 325 3130 allicit.
363 3080 440 3130 Ovid.
459 3079 543 3129 Trist.
561 3081 591 3137 3,
631 3082 683 3130 hnc
702 3083 785 3143 ignoti
803 3083 831 3130 in
849 3087 928 3143 gente
946 3081 1065 3142 Quintia.
1085 3081 1148 3131 Hir-

70 3163 101 3220 3,
126 3163 172 3212 32.
228 3161 317 3221 Iunge
341 3162 431 3207 autem
456 3164 532 3205 vento
554 3158 594 3203 ni·
629 3161 707 3220 pinna
725 3173 772 3222 pro
794 3173 870 3207 mero
887 3159 1063 3220 cognomine,
1092 3171 1148 3208 non

72 3242 150 3288 ninrn
178 3239 307 3296 swnnae,
339 3235 406 3297 equi
432 3235 507 3284 initio
537 3234 594 3296 qui-
631 3237 723 3298 populi
754 3239 879 3297 nomine,
917 3238 1087 3297 habendum,
1119 3241 1150 3286 ut

74 3317 132 3365 aem
166 3317 274 3367 ridetur
303 3312 453 3373 secundun,
488 3325 594 3373 semper
632 3313 815 3370 suntnntiar,
832 3315 960 3371 Sabinus,
975 3315 1101 3365 Soranos.
1118 3339 1147 3351 -

72 3387 170 3444 antem'
188 3405 317 3442 crescens
342 3396 422 3452 atquo
445 3391 472 3441 in
497 3403 594 3440 navem
631 3387 734 3454 copitar]
764 3393 968 3453 «machinetur,
993 3393 1148 3441 moliatur.»

75 3472 260 3520 rehementinr
272 3470 456 3532 praecipitans
466 3481 529 3517 cam
538 3473 595 3516 tan·
666 3469 692 3516 3.
712 3468 932 3532 Hocnadioirnr]
947 3475 1149 3533 «acpropterea

76 3549 341 3608 iemanhmergi13n
361 3546 595 3606 nentianmvero
633 3547 711 3596 nebia
736 3547 848 3596 minime
872 3547 1091 3597 formidolosus.»
1119 3571 1149 3583 -

78 3639 136 3675 cnm
156 3626 353 3676 recentioribus
373 3623 526 3688 nonnuliis:
553 3625 611 3671 nn*
636 3648 667 3660 —
697 3620 833 3684 remittor]
872 3623 984 3673 Rariore
1017 3631 1069 3672 nau
1101 3635 1150 3685 pro

78 3705 157 3752 annm
188 3703 296 3766 turpida
322 3701 396 3756 nnio,
426 3711 497 3763 qnae
529 3701 596 3749 ratic
635 3701 791 3750 comitiae.»
810 3702 920 3749 Terent.
929 3700 1014 3748 Andr.
1032 3699 1063 3756 5,
1078 3699 1149 3757 1‚a.

81 3781 230 3842 pereanem
248 3779 354 3830 redolet
371 3778 536 3828 oraticnem.
615 3731 621 3836 i
668 3779 697 3827 t.
717 3773 846 3840 trepton]
868 3777 951 3828 «Noti
972 3776 1151 3826 sollicitaret
