2562 4108
432 175 714 234 mmmm

267 322 323 390 Ab
344 323 500 388 insolenti
522 313 739 406 temperatum

309 443 470 527 Laetitia,
492 437 777 521 monteronem,

228 626 297 700 Seu
319 637 467 702 moestus
489 635 576 697 omni
599 633 747 718 tempore
769 629 913 717 vixeris,
1118 629 1136 690 5
1234 627 1238 642 “

223 750 295 819 Seu
317 759 351 819 te
372 755 407 818 in
429 756 557 818 remoto
578 754 728 841 gramine
749 768 811 835 per
832 749 905 816 dies

268 873 392 950 Festos
413 873 608 938 reclinatum
630 871 741 938 bearis

309 988 475 1057 Interiorc
495 979 577 1056 nota
598 990 744 1058 Falerni.

226 1181 303 1279 Quo
325 1183 423 1268 pinus
444 1181 565 1270 ingens
587 1183 729 1268 albaque
750 1183 894 1268 populus

222 1291 381 1368 Umbram
402 1301 602 1386 hospitalem
624 1303 818 1368 consociare
839 1305 950 1369 amant
1098 1299 1137 1358 10

267 1416 403 1504 Remis,
426 1431 491 1507 quo
514 1425 548 1494 et
571 1421 704 1506 obliquo
726 1422 858 1489 laborat

311 1539 463 1626 Lympha
485 1541 593 1628 fugax
614 1539 782 1626 trepidare
797 1541 894 1627 rivo,
920 1587 923 1596 .

106 1793 129 1830 ι.
147 1779 178 1832 tt.
220 1776 282 1839 Qiro
300 1773 452 1830 Meineclie.

104 1897 128 1936 ι.
148 1885 196 1935 11.
218 1881 312 1931 namo
329 1886 355 1930 et
372 1880 525 1933 Meinecltc.
553 1880 555 1890 '

55 2101 73 2146 si
83 2111 207 2162 unquam
215 2096 267 2147 tibi
277 2094 476 2157 supervenient)
489 2095 577 2147 Plaut.
618 2117 649 2139 -
669 2093 770 2163 plaut]
791 2097 912 2162 italica,
944 2101 1032 2163 Pinio,
1066 2121 1136 2172 quae

54 2176 118 2226 naa.
144 2177 178 2236 2,
204 2175 236 2234 3,
262 2173 308 2224 ’11.
354 2172 462 2222 Animus
482 2187 578 2238 ecquos
616 2188 681 2226 tanc
702 2178 826 2239 ingentes
847 2185 910 2229 sunt
932 2186 959 2231 et
979 2182 1060 2234 simul
1082 2179 1138 2250 ἀμ-

53 2256 185 2315 optumicm
227 2257 268 2302 eet
308 2263 450 2302 marnae
491 2254 579 2302 eondi-
615 2252 769 2317 φιλαφεῖς,·
795 2261 851 2304 tum
872 2258 987 2320 populeo
1012 2256 1138 2327 (λεύκῃ)

52 2341 172 2382 mentm
615 2331 727 2392 Virgilio
747 2333 817 2382 Aen.
837 2334 868 2393 Β,
891 2335 957 2386 nro:
977 2337 1084 2388 bicolor.

80 2403 279 2470 1.ηιοι11ιιι·ο]
317 2407 577 2471 «Quandoquidem
649 2411 692 2460 10.
712 2409 884 2474 hospitatem]
904 2415 1042 2468 «viatores
1058 2417 1091 2466 mi
1108 2429 1137 2468 te

52 2489 95 2538 tibi
125 2500 242 2552 quoque
275 2486 450 2536 moriendum
475 2493 515 2536 eet
544 2501 577 2538 ac
615 2486 806 2538 invitantem.»
843 2489 918 2554 virg.
947 2491 996 2543 Ge.
1023 2494 1057 2554 t,
1082 2495 1136 2546 242

50 2572 194 2630 propterca
211 2565 283 2614 nihil
301 2569 328 2615 te
347 2565 443 2614 iuvant
457 2577 508 2614 neo
525 2565 577 2614 sol-
615 2564 745 2628 Obviaque
764 2567 883 2628 hospitiis
906 2575 993 2620 teneat
1015 2573 1139 2636 frondm-

49 2641 221 2704 iicitudine's‚
248 2655 302 2692 neo
331 2641 417 2692 eflusa
441 2641 575 2695 laetitia.»
615 2642 682 2690 tibae
699 2639 789 2693 orbor.
811 2667 841 2678 —
861 2649 1008 2699 coniectare
1026 2646 1135 2711 omani]

78 2725 104 2774 o.
142 2726 175 2774 tn
211 2727 317 2771 remoto
350 2717 488 2784 promitte]
527 2736 540 2768 a
548 2721 576 2770 in
615 2718 730 2768 Sensum
750 2722 865 2782 amoris,
891 2737 945 2784 quo
969 2722 1051 2775 ramis
1076 2739 1137 2778 sote

50 2809 121 2864 prato
144 2805 264 2871 propter
289 2799 378 2862 ipsam
401 2798 575 2850 solitudinem
615 2797 816 2860 implicantibus
828 2802 952 2858 umbram
966 2803 1002 2852 ita
1021 2805 1092 2854 inter
1107 2816 1137 2854 te

50 2887 173 2944 pergrato
194 2877 252 2938 ilii,
278 2879 325 2940 qni
347 2877 492 2940 tranquille
511 2883 539 2928 et
560 2889 575 2928 a
614 2875 797 2938 coniungunt,
819 2883 849 2926 ut
868 2878 974 2928 duabus
989 2882 1039 2930 nub
1058 2883 1137 2932 arbo-

51 2961 155 3009 nemine
166 2956 361 3019 interpellatus
371 2959 463 3018 potare
473 2951 574 3018 eupit.»
613 2952 688 3002 ribus
712 2967 767 3004 una
788 2955 885 3005 umbra
906 2955 1012 3008 fruatur
1035 2961 1134 3019 viator,

79 3038 105 3088 8.
134 3032 226 3098 noto]
266 3033 384 3086 Nomina
415 3034 573 3095 consulum,
613 3030 1134 3094 ipsisarboribustribnit3noneetcnlm

52 3115 140 3175 quibam
160 3117 230 3164 nata
252 3116 330 3161 erent
342 3109 422 3168 vina,
443 3111 515 3160 cadis
535 3113 575 3160 in·
613 3108 726 3170 simplex
744 3111 811 3159 illud
831 3109 987 3174 «φιλοῦσι,
1012 3114 1134 3164 solent.»

51 3193 248 3242 scribebantur.
285 3189 343 3237 lam
361 3193 574 3238 consentaneum
647 3187 691 3236 11.
712 3201 765 3250 quo
787 3194 812 3236 ct
835 3185 954 3251 obliquo]
1000 3189 1044 3241 Sic
1068 3192 1135 3241 scri·

52 3275 116 3328 erat,
142 3274 176 3320 ιιι
205 3269 234 3317 in
263 3265 403 3329 apothecis
432 3265 492 3315 cadi
517 3267 574 3318 vini
612 3264 729 3314 bendum
756 3265 898 3315 videbatur
926 3279 980 3328 pro
1006 3268 1133 3332 volgato:

54 3349 158 3397 recentis
185 3355 299 3407 semper
322 3349 488 3406 ponerentur
511 3349 573 3394 aute
611 3347 636 3392 ct
661 3341 774 3404 obliquo.
807 3341 882 3392 Libri
909 3355 941 3393 ex
970 3345 1038 3394 mibi
1063 3347 1135 3396 nolit

55 3423 117 3482 prius
139 3424 285 3480 conditos;
312 3420 385 3470 unde
407 3420 502 3483 tiebat,
526 3426 571 3476 ut,
611 3419 738 3468 meliores
756 3419 886 3468 fluctuant
907 3420 1048 3486 interque
1071 3423 1135 3474 otti·

55 3513 98 3560 quo
126 3501 282 3554 vetustiora
313 3503 405 3548 essent
431 3499 508 3560 vina,
540 3511 572 3548 eo
610 3489 660 3558 quo
683 3501 711 3547 et
738 3498 800 3560 putet
826 3497 949 3560 obtipo05
985 3499 1133 3551 innostra

54 3574 150 3640 longius
170 3577 207 3627 ab
226 3577 298 3626 ostio
315 3578 525 3644 essentremota'
540 3589 572 3626 ac
610 3575 728 3626 lectione
750 3581 865 3638 utraque
891 3576 980 3638 imago
1006 3583 1033 3627 et
1057 3579 1136 3634 arbo·

56 3653 231 3717 depromenda
265 3667 298 3704 ex
331 3655 457 3703 interiore
491 3654 570 3704 colla.
610 3666 670 3701 rum
693 3642 878 3715 ‘hospitalium
912 3657 940 3702 et
971 3654 1024 3703 rivi
1056 3660 1134 3714 grato

81 3733 106 3782 1.
125 3734 183 3795 Quo
199 3727 297 3795 mmm]
317 3732 415 3782 «Ferre
432 3731 496 3782 iube
508 3733 572 3784 vina
610 3742 748 3779 murmure
769 3731 901 3780 viatorem
925 3729 960 3778 ad
982 3741 1011 3778 se
1034 3742 1134 3780 vocan-

57 3820 92 3864 ιι,
116 3811 161 3860 obi
187 3813 253 3870 cet,
281 3798 481 3873 respondetque
507 3808 571 3871 bum
588 3757 593 3870 Ι
610 3809 658 3868 tis,
686 3807 773 3868 magio
797 3808 938 3866 separatur
968 3810 995 3854 et
1023 3805 1140 3867 quidem:
