2650 4122
144 169 230 245 230,
398 181 401 192 '
494 201 632 246 rrouarn
648 200 892 270 'nnlsuonaauu
976 268 977 272 Ἰ
999 230 1005 236 -

143 333 344 418 Praestent,
368 339 495 400 mature
517 335 634 405 retleet
655 341 853 422 repetatque
875 339 1003 402 relicta.
1034 296 1037 302 7

143 453 261 528 Metiri
285 472 323 520 se
346 473 507 539 quemque
528 477 589 520 suo
612 457 806 523 modulatae
829 457 915 542 pede
937 476 1051 521 verum
1074 461 1136 522 est.

334 1132 336 1140 ’
401 1171 767 1262 nersnenn
812 1174 967 1261 vrri.

355 1365 422 1422 nn
454 1365 644 1424 censum
673 1368 1039 1460 ,nnmrnnuannrn

142 1516 243 1586 Celso
266 1521 415 1608 gaudere
438 1525 472 1586 et
495 1504 669 1591 be‘nerem
692 1541 813 1610 gerere
837 1521 1051 1590 Albinovano

38 1639 41 1645 '
142 1635 245 1748 Musa
266 1645 388 1728 rogate
409 1641 516 1726 refer,
540 1643 652 1706 comiti
673 1644 870 1727 scribaeque
891 1643 1046 1708 Neronis.

142 1917 225 1968 ratius
242 1915 323 1965 totius
337 1915 377 1962 rel
391 1911 490 1964 exitum
511 1911 609 1964 callide
627 1919 665 1964 ta·
703 1927 755 1978 que
765 1913 962 1976 honorificum,
977 1914 1047 1980 quod
1063 1916 1154 1980 paullo
1164 1921 1227 1969 ante

141 1997 214 2044 cuitt
244 1993 312 2042 nibil
331 1992 404 2040 enim
423 1992 553 2040 attinebat
570 1993 664 2040 alliun·
702 1995 814 2056 adeptus
828 2001 894 2052 erat,
912 2009 1001 2058 neque
1019 2009 1100 2056 uero,
1121 2002 1150 2045 ut
1166 1997 1226 2046 aliia

142 2085 205 2134 ,esre
221 2085 236 2121 a
250 2069 375 2132 Philippo
393 2070 578 2118 misericordia
594 2075 664 2119 taeta
703 2073 789 2122 uisum
810 2077 867 2130 est,
888 2085 950 2122 eum
971 2074 1098 2140 deridet.‘
1113 2071 1167 2134 Qut
1178 2075 1227 2122 bn·

141 2153 249 2201 Menam
265 2137 395 2210 pristinae
411 2149 480 2196 ritae
495 2149 569 2196 illico
588 2147 664 2196 restl·
703 2149 818 2198 tusaredi
830 2151 934 2204 euberti
948 2151 1098 2200 amicornm
1113 2163 1225 2214 procen-

138 2231 350 2279 tutum,rur·sus
364 2224 461 2274 secisse
475 2226 662 2286 praecantum.
702 2226 767 2274 aulis
796 2227 839 2275 vel
865 2227 940 2276 ducis
966 2230 1105 2290 aggregati
1129 2235 1225 2288 erant,

142 2325 171 2341 -
185 2315 274 2352 versun
286 2299 334 2362 ert]
350 2311 483 2364 «aequum
498 2309 538 2352 est
551 2310 577 2352 et
587 2305 664 2352 decet
702 2302 837 2352 interdum
847 2304 1087 2355 adhibebanturad
1097 2307 1226 2368 epistolas
1311 2319 1312 2370 ᾗ

139 2391 274 2443 quemque
295 2381 364 2428 intra
390 2393 436 2429 eos
460 2381 527 2430 flues
551 2394 663 2430 manere
702 2383 729 2430 ln
748 2383 841 2442 primis
860 2393 973 2432 arcanas
991 2389 1017 2432 et
1036 2385 1228 2444 gravioria-ar-

138 2449 253 2520 eamqua
266 2459 348 2507 vilnrn
362 2459 475 2519 eligere,
490 2468 560 2520 quae
573 2459 664 2507 euius·
701 2459 822 2519 gementi
835 2473 866 2508 ex
880 2461 953 2509 illins
967 2462 1094 2510 mandato
1106 2463 1227 2511 conseri·

139 2547 192 2598 que
211 2537 312 2585 uiribus
331 2549 363 2584 ae
382 2537 420 2584 rei
439 2535 566 2584 familiari
581 2549 661 2598 quam
702 2535 821 2598 benitas,
849 2539 883 2586 all
902 2539 1072 2601 quotidianae
1092 2541 1164 2590 servi
1181 2537 1227 2591 vel

140 2615 256 2664 manime
278 2620 461 2664 consentanea
479 2615 540 2663 sit.»
700 2615 801 2664 liberti.

246 2683 254 2716 '-
667 2691 669 2701 '
734 2693 761 2740 3.
781 2690 808 2741 ll.
830 2691 981 2754 Stqtmeret]
997 2693 1227 2745 Multaianreurn

81 2796 85 2801 ,
178 2767 252 2818 vlll.
296 2765 334 2818 Ite
365 2775 419 2818 teto
452 2769 503 2818 boe
530 2763 661 2829 Epistollo
700 2768 924 2818 larnlllaritateet
942 2770 1131 2820 benevolentia
1143 2771 1227 2822 Celso

138 2849 238 2910 scripto
256 2861 328 2907 au.
348 2861 372 2895 e.
392 2847 454 2896 73⁴.
474 2845 524 2894 eir.
546 2847 660 2896 laeobsil
700 2851 785 2894 totum
810 2848 894 2895 animi
923 2849 964 2894 sui
989 2853 1088 2898 statam
1114 2833 1225 2910 a'peritt

138 2926 221 2974 Leett.
242 2923 342 2974 Venus.
366 2939 391 2986 p.
414 2921 475 2972 335.
524 2921 599 2972 Idem
622 2931 662 2975 est
700 2937 753 2972 nse
772 2924 822 2972 sibi
846 2924 1006 2986 displicere*
1034 2939 1088 2992 nnn
1114 2931 1227 2987 propter

138 3003 256 3060 Celsus,
290 3004 368 3049 euius
402 3001 568 3050 mentionem
598 3002 661 3052 laelt
699 2999 1226 3064 causasibi-tuitusatqtteexternns‚sed

84 3134 88 3140 ¹
137 3077 205 3140 Epp.
227 3080 251 3135 l,
272 3077 298 3134 3,
319 3078 438 3136 l5.‚ubl
457 3078 529 3126 eide.
700 3087 809 3141 propter
838 3079 1056 3140 inexplicabilem
1085 3081 1226 3142 quantam

174 3157 198 3202 l.
223 3155 251 3202 ὓ.
280 3151 352 3202 Cetae
382 3151 510 3216 quatiere]
539 3155 660 3216 «Refer,
700 3158 797 3204 mentis
810 3157 1016 3216 aegritudinem,
1035 3171 1087 3218 qua
1106 3171 1135 3206 se
1148 3171 1226 3207 nune

137 3231 214 3280 blesa
228 3242 242 3279 a
258 3235 301 3280 me·
315 3237 419 3292 regate,
435 3231 514 3280 Celso
528 3227 583 3292 (me
598 3245 659 3281 enm
699 3235 811 3296 quidem
823 3231 939 3283 liberare
954 3239 1107 3297 nequeattn
1126 3256 1157 3270 —-
1175 3237 1226 3283 mi·

138 3306 242 3368 iubere)
257 3310 368 3374 χαίρειν
381 3309 432 3358 καὶ
444 3302 479 3360 εὖ
495 3308 659 3376 πράττειν.»
697 3306 823 3370 nantem]
843 3311 1032 3372 «pollicentem
1058 3325 1090 3360 ne
1109 3310 1226 3360 mollen-

137 3385 231 3434 Celsus
253 3383 335 3446 igitur
353 3385 483 3438 animarat
502 3387 658 3456 llqratium3
698 3393 792 3446 tem‚u
812 3387 908 3436 ulSnt.
923 3390 949 3446 ἓ,
970 3389 995 3446 3,
1015 3389 1041 3438 a.
1062 3394 1088 3437 et
1104 3388 1222 3438 Pbaetlr.

138 3459 300 3523 (quomodo,
321 3460 512 3524 ignbramnst)
532 3463 577 3512 bie
595 3463 661 3513 arni·
697 3465 724 3522 le,
738 3466 782 3524 Ἡ,
795 3464 830 3513 let
845 3466 901 3514 Hae
913 3468 1037 3526 seriptum
1050 3465 1157 3524 esttibi,
1172 3468 1226 3527 Qui

136 3551 198 3586 eum
215 3539 359 3598 iuniorem,
371 3539 422 3588 sibi
436 3552 530 3588 earum
540 3546 567 3588 et
579 3554 659 3602 quem
697 3555 794 3604 maqnn
805 3555 862 3590 eam
874 3544 1000 3600 minaria,
1019 3541 1133 3590 extricas
1144 3543 1222 3592 ntuli.

136 3617 228 3674 magni
237 3615 346 3671 laceret.
357 3617 495 3675 resalutat,
505 3616 599 3666 illusae
608 3619 660 3668 boe
698 3619 822 3668 ilelertur
834 3623 924 3668 antem
939 3619 966 3666 in
980 3619 1075 3679 primis
1085 3619 1119 3668 ad
1131 3620 1222 3668 slutlia
1311 3617 1312 3620 ’

136 3691 255 3740 officium
278 3693 421 3742 mandans.
444 3717 472 3729 -
493 3693 658 3757 scribaeque]
697 3697 813 3758 poetica.
835 3719 866 3732 -
884 3709 931 3744 nee
948 3693 1024 3757 reete]
1048 3697 1221 3746 «notanimis

136 3765 184 3816 llis
202 3783 245 3820 vv.
267 3771 293 3818 ei
312 3770 463 3830 gratulatur
486 3783 586 3820 munus
610 3773 660 3822 ati-
698 3776 768 3824 bene
781 3762 826 3828 tn'e
838 3773 939 3833 viuere,
959 3785 1014 3824 non
1027 3773 1092 3821 eatis
1104 3785 1148 3824 me
1161 3773 1220 3838 ipse
