2644 4112
126 134 180 202 44
491 130 626 210 noenum
648 161 847 216 sanlunuum

53 303 57 318 '
124 293 326 360 Graecorum
346 299 447 384 longe
472 299 697 380 doctissimum
720 301 796 366 lude
817 292 937 366 Forum
959 297 1065 386 Appi,
1126 365 1129 370 ,
1187 330 1193 344 ·

109 414 294 492 ¹lliliertum
314 418 441 500 nautis,
463 421 667 500 cauponibus
688 421 787 502 atque
810 421 971 508 malignis
1101 415 1104 424 '

123 533 197 596 Hoc
219 534 283 596 iter
303 535 418 620 ignavi
440 534 623 621 33νί3333333,
645 537 745 600 altllrs
766 555 806 602 ae
827 557 890 602 nos

123 647 332 716 Praecinctis
349 671 463 716 unum:
489 655 582 718 nimis
603 657 655 718 est
675 657 792 741 gravis
813 655 925 739 Appia
946 657 1062 722 tardle
1092 681 1094 686 ·
1143 677 1147 682 ·

122 769 185 833 Hic
205 787 271 856 ego
293 773 439 852 propter
452 789 584 856 aquam,
607 773 693 856 quod
715 777 788 837 erat
809 756 1008 856 3333333333,Ἰ
1021 777 1130 840 veatrl

121 873 235 952 iudico
259 889 394 973 bellum,
416 893 595 954 coenantes
617 890 704 954 haud
726 893 832 956 animo
854 911 959 976 aequo

121 1005 336 1088 Exspectans
355 1009 503 1078 comites.
546 1009 615 1072 lam
637 1003 704 1072 nox
726 1009 882 1074 inducere
904 1012 1002 1078 terris

109 1123 262 1188 'Umbras
285 1127 318 1187 et
341 1125 433 1188 caelo
456 1123 637 1189 diffundere
655 1128 755 1210 signa
777 1131 931 1210 parabata

120 1241 200 1304 'l'urn
223 1245 316 1324 pueri
337 1241 463 1324 nautis,
486 1245 597 1324 pueris
619 1237 770 1308 convicia
791 1249 912 1310 nautae
950 1271 953 1279 ⁴
1006 1225 1007 1230 ἵ

75 1339 78 1346 “
119 1340 289 1444 Ingerere.
310 1371 319 1424 ἱ
331 1361 408 1440 Huc
429 1362 570 1442 appelle
615 1346 798 1426 'l'recentos
819 1365 952 1448 inseris3
972 1364 1036 1428 olle

118 1479 186 1540 Iam
209 1479 291 1540 setis
313 1481 373 1542 est.
415 1479 499 1541 Dum
521 1497 580 1542 aes
601 1481 762 1566 exigitur,
784 1481 858 1544 dum
880 1483 965 1545 mula
982 1483 1125 1568 ligatur,
1191 1524 1196 1529 -

118 1595 204 1658 Tota
225 1597 295 1660 abit
316 1595 411 1661 liora..
449 1595 533 1661 Mali
555 1599 678 1665 culices
698 1615 867 1683 ranaeque
886 1601 1052 1682 palustres

115 1713 285 1779 Avertunt
306 1721 448 1788 somnos.
492 1715 674 1780 Absentem
697 1719 733 1777 ut
754 1719 867 1786 cantat
887 1719 1022 1782 amicam
1143 1718 1181 1790 lb

164 1954 191 1988 v.
210 1940 236 1987 3.
257 1940 360 2002 linquae
377 1938 461 1988 Codd.
476 1899 540 2000 aliq.
578 1953 604 1989 r.
617 1937 644 1988 6.
663 1941 747 1989 rubeus
759 1942 842 1991 Codd.
856 1941 920 2006 aliq.
934 1942 1085 2042 Meiuecke.
1113 1959 1137 1995 r.
1152 1946 1178 1994 7.

114 2008 248 2056 teterrimo
270 2005 368 2056 eCld
388 2007 506 2055 B.1

111 2159 172 2223 roa]
191 2159 282 2213 rhetor
292 2163 408 2224 ignotus
424 2189 452 2200 ·-
472 2163 628 2214 6333303303
667 2189 697 2200 -
716 2163 841 2229 1133390]
862 2167 1085 2220 (333333ἰηῖ030
1100 2169 1179 2236 Appii

111 2242 185 2304 lonpc
204 2240 380 2304 doctissimus]
404 2242 492 2293 Gomis
517 2248 557 2293 est
578 2245 627 2306 by-
666 2243 779 2292 viatores
795 2249 904 2306 propter
920 2259 1032 2308 aquam,
1057 2263 1127 2311 quae
1143 2252 1180 2300 ibi

111 2319 223 2380 perbole
241 2320 372 2369 sermonis
390 2319 553 2381 quotidiani,
574 2332 626 2381 qua
665 2319 1180 2381 deterrimaest,mauerev1tautlli·
1235 2377 1241 2387 ,
1320 2299 1321 2322 ³

111 2401 140 2446 ut
158 2397 249 2447 bearet
265 2395 426 2447 Graeculum
443 2395 522 2445 laeile
534 2397 626 2459 utique
665 2395 700 2444 cit
712 2409 795 2456 ergo,
814 2411 843 2445 se
859 2399 896 2446 ibi
915 2385 1178 2465 commeminisse,

109 2477 143 2525 ab
162 2489 191 2524 se
203 2476 349 2537 impetrare
360 2473 517 2536 potarat.-
487 2473 627 2522 -Forrrm
664 2485 699 2520 uc
708 2473 935 2524 neeessehaberet
945 2477 1045 2527 bibere.
1049 2478 1177 2530 »Poam-

109 2549 192 2613 Appi]
212 2553 340 2615 oppidum
360 2553 394 2600 ab
408 2549 494 2612 Appio
515 2550 695 2598 (1333330-
664 2549 879 2612 -deterrimul
913 2555 1018 2603 «miuus
1050 2569 1117 2616 pura
1134 2569 1178 2610 ‘ao

109 2629 211 2689 Caeco,
231 2631 277 2690 qui
297 2631 368 2680 viam
385 2627 499 2690 Appiam
517 2627 624 2680 muniit,
663 2627 728 2676 mali
749 2628 879 2689 saporis.»
892 2638 925 2664 -’
939 2631 1011 2678 baud
1027 2634 1116 2682 animo
1136 2645 1178 2683 03-

108 2708 148 2757 siu
160 2707 339 2765 nominatum,
357 2705 415 2754 XX.
429 2705 466 2755 Μ.
480 2705 510 2752 Ρ.
525 2705 624 2752 distans
662 2701 727 2764 quo]
749 2705 939 2774 «impatienter
951 2712 1030 2770 alque
1047 2709 1101 2758 illis
1117 2723 1176 2772 pro·

107 2787 145 2834 ab
158 2784 259 2835 Aricia.
530 2823 532 2826 .
662 2781 808 2840 pemodum·
824 2783 974 2833 inridens.»
1250 2824 1259 2828 -

141 2863 231 2911 5-8,
268 2856 407 2920 33003333]
439 2859 488 2907 nid
507 2861 560 2915 est,
589 2859 637 2922 ab·
690 2856 995 2921 12-19.'Haooppello]
1006 2861 1128 2911 «Domini
1141 2865 1174 2912 33

106 2939 176 2988 Urbe
188 2951 274 2999 usque
286 2939 320 2984 33
332 2938 431 2995 Forum
449 2935 528 2996 Appii
541 2935 622 2984 biduo
660 2930 746 2982 303333
763 2934 848 2995 ripam
866 2936 1076 2997 descenderant,
1104 2941 1174 2990 serni

106 3015 244 3071 venimus,
265 3010 326 3060 curu
341 3012 488 3061 velociores
506 3025 560 3059 uuo
579 3012 622 3060 333
660 3011 778 3067 sarcinas
799 3008 893 3060 eodem
906 3013 1090 3075 deportaturum
1112 3017 1186 3068 lalnc.

105 3091 254 3140 soleauteo
273 3088 392 3137 venire.»
415 3088 519 3138 Aaron.
534 3111 565 3122 -
584 3088 623 3136 ol·
659 3099 726 3146 puer
751 3087 847 3148 aliquis
875 3090 908 3136 33
927 3089 1033 3149 locum,
1060 3093 1106 3140 ubi
1128 3105 1174 3142 eas

107 3169 158 3215 tius
176 3161 354 3226 praecinctio]
379 3160 620 3232 «εὐζωνοτέροις,
660 3164 838 3223 custodiebat,
858 3164 996 3224 appellere
1016 3167 1090 3215 iubet
1108 3181 1175 3217 333-

106 3243 221 3292 celerius
240 3241 425 3290 incedentibus
446 3253 477 3288 ae
493 3242 622 3289 streuuio·
660 3245 730 3299 lom,
751 3245 780 3289 ut
793 3241 821 3288 in
834 3240 913 3288 lintre
928 3243 1174 3304 commoderepoul

106 3321 208 3369 ribus.»
230 3343 260 3354 -
278 3319 407 3367 admiscet
423 3316 530 3382 pravis]
560 3319 621 3366 «33-
658 3318 774 3380 possiut;
793 3317 1173 3379 laiooumappellil,uouslue

105 3399 156 3446 inis
184 3401 225 3446 est
255 3396 367 3444 molesta
388 3395 480 3454 pigris,
509 3394 620 3443 fortasse
659 3393 746 3444 laedio
758 3394 888 3442 maiorem
906 3407 986 3456 quam
1003 3407 1051 3455 pro
1072 3395 1171 3456 naulo,
1235 3452 1240 3455 ,

104 3476 185 3524 oliam
211 3477 319 3535 propter
343 3471 431 3518 silices
458 3471 618 3532 polygonos,
658 3472 728 3532 qood
750 3472 876 3532 depactus
893 3477 973 3528 erat,
1000 3484 1059 3520 esse
1079 3485 1171 3522 nume-
1207 3485 1211 3490 ·

103 3553 199 3612 quibus
224 3554 306 3599 strala
332 3554 399 3606 aral,
427 3559 458 3594 ac
480 3553 619 3607 propterea
657 3561 819 3597 rumeorum
833 3548 920 3606 ridet,
939 3548 985 3610 qui
998 3561 1095 3601 narem
1108 3563 1171 3600 ecu-
1219 3587 1221 3596 ,

102 3630 151 3676 nos
167 3629 283 3688 primum
302 3626 400 3673 iterita
418 3622 571 3682 divisimus,
591 3628 620 3672 ul
657 3625 777 3679 soeusuri
814 3630 904 3679 erant,
944 3625 1068 3674 dominos
1107 3631 1170 3688 puta

101 3703 187 3762 primo
200 3704 243 3752 die
253 3699 360 3752 Ariciae
371 3704 618 3760 perdonaremus.»
635 3647 640 3754 Ι
657 3713 717 3749 oum
734 3701 871 3762 permultis
895 3701 997 3762 pueris,
1025 3703 1096 3752 uude
1119 3707 1170 3749 elo-
