2644 4112
159 145 210 209 43
525 139 663 220 uoaaru
684 173 879 219 sarrnanuru
947 189 951 198 1

157 299 275 387 Mosa,
298 303 396 368 velim
416 319 589 388 memores,
610 311 644 372 et
667 326 730 391 quo
751 313 847 392 patre
869 312 967 374 natus
987 295 1125 393 uterque

94 401 102 424 ⁴
157 419 341 486 Contulerit
362 422 447 486 lites.
489 422 596 488 Messi
617 426 740 510 clarum
758 445 868 514 genus
889 424 991 510 (iscis
1040 415 1059 494 s

155 533 323 604 Sarmenti
345 538 474 604 domina
496 545 623 607 exstat:
646 543 688 610 ab
709 543 761 608 hls
781 545 1083 618 maioribuscrti„
1183 541 1220 602 55

113 643 121 702 Ῐ
156 654 213 722 Ad
234 676 378 746 pugnam
399 677 533 724 venere.
576 661 674 726 Prior
695 657 907 727 Sarmentus:
929 662 1014 751 hlqul
1036 667 1069 726 te

148 771 241 840 'usse
263 777 327 841 ieri
348 778 482 841 similem
504 779 587 844 (lico.
629 777 803 858 Bidamas,
825 783 859 843 et
881 782 952 861 ipso

153 893 315 960 Messius:
336 872 491 978 Accipio:
516 899 673 981 caputet
694 900 821 962 movet:
844 894 891 976 0,
913 901 970 962 tua
991 916 1095 964 cornu

153 1012 196 1078 Ni
217 1013 305 1076 foret
326 1015 463 1079 exsecto
485 1013 595 1094 frons,
615 1014 735 1096 inquit,
757 1014 835 1099 quid
856 1015 1002 1095 iaceres,
1024 1033 1096 1082 cunr

153 1127 212 1204 Sic
233 1131 364 1197 mutilas
385 1123 570 1216 minitaris?
605 1129 655 1196 At
675 1132 721 1194 illi
743 1131 841 1196 foeda
864 1133 1002 1198 cicatrix
1181 1135 1228 1200 00·

152 1245 306 1314 Setosam
322 1249 416 1314 'laevi
437 1249 579 1313 frontem
601 1251 796 1331 turpaverat
818 1221 894 1312 oris.

153 1366 352 1450 Campanum
374 1367 407 1431 ln
429 1368 589 1450 morbum,
610 1367 644 1430 in
665 1366 785 1432 huelem
805 1367 966 1450 permulta
986 1369 1129 1449 iocatus,

124 1511 129 1517 ·
151 1485 328 1549 Pastorem
349 1487 487 1550 saltaret
508 1485 556 1547 uti
578 1484 727 1569 Cyclopa
748 1483 911 1568 rogabat:

152 1603 207 1668 Nil
228 1604 276 1666 illi
296 1604 391 1666 larua
412 1604 470 1665 aot
491 1602 629 1689 tragicis
650 1615 734 1682 opus
755 1617 831 1664 esse
850 1599 1029 1665 cothurnis

150 1721 262 1786 Multa
282 1715 449 1784 Cicirrh'us
470 1717 513 1784 ad
534 1719 631 1782 haec:
653 1716 821 1781 Donasset
842 1719 948 1781 iamne
969 1707 1138 1783 catenam*
1178 1719 1216 1777 65

150 1837 205 1900 Ex
224 1840 306 1899 roto
327 1835 487 1919 Laribus,
508 1827 714 1917 quaerebat?
735 1809 844 1898 scriba
865 1833 952 1916 quod
973 1813 1082 1913 esset,

148 1953 257 2018 Nihilo
279 1951 425 2016 deterius
446 1951 600 2015 dominae·
615 1952 666 2014 ins
687 1969 771 2015 esse.
814 1951 971 2037 liogahat

153 2143 157 2152 ’
201 2141 228 2176 r.
246 2125 290 2174 60.
309 2125 436 2174 miniteris
454 2121 539 2172 Bentl.
560 2134 575 2168 e
593 2121 676 2171 Codd.

150 2249 178 2296 in
186 2245 348 2300 Maecenatis
358 2246 483 2296 comitato
498 2247 583 2292 erant.
604 2244 662 2294 Sar·
700 2257 783 2293 cornu
802 2245 854 2293 nisi
871 2245 939 2294 foret
951 2252 1086 2296 exsectum
1103 2247 1211 2298 tronti.»

149 2327 253 2373 menius
268 2334 361 2372 servus
378 2319 466 2368 fuerat
480 2319 518 2370 ll.
535 2321 661 2380 Fauonii,
702 2345 729 2355 -
749 2318 852 2382 Atilii]
873 2322 937 2370 «Hic
949 2347 960 2356 ·
972 2323 1055 2372 atille
1067 2326 1138 2385 apud
1151 2327 1214 2386 poc-

147 2400 237 2458 cuios,
257 2403 347 2470 utppte
360 2398 431 2446 inter
445 2397 606 2458 proscriptos
619 2411 663 2446 oc·
698 2403 755 2456 tas,
775 2398 920 2460 plurimum
941 2399 968 2447 in
990 2401 1114 2450 extremis
1132 2401 1214 2450 rarsi·

146 2478 211 2538 cisi,
229 2477 361 2524 bonorum
374 2473 456 2522 sectio
469 2473 512 2524 aa
522 2473 662 2523 Maecena·
698 2475 757 2534 bus,
767 2477 911 2536 respondet
919 2475 1082 2526 Graecorum
1094 2469 1210 2539 ὁμὲν-

147 2561 200 2604 tom
216 2552 303 2610 uenit,
323 2550 368 2612 qui
385 2551 555 2598 Sarmentum
569 2561 661 2598 manu·
697 2545 771 2600 ὁὸὲ.
792 2577 820 2586 -
842 2549 1017 2613 Campanum]
1035 2552 1212 2601 'allooenlm
1278 2569 1280 2575 ·

145 2629 218 2678 misit
232 2633 259 2678 et
270 2628 386 2676 scribam
403 2625 476 2674 lecit.
491 2650 521 2660 -
537 2626 661 2688 Matrique
698 2627 902 2688 quasianatura
912 2628 1054 2690 Campanis
1062 2629 1118 2678 iere
1127 2629 1213 2688 omni·

146 2704 266 2768 Clutorii]
284 2717 392 2754 scurrae
402 2703 557 2764 ceteroquin
566 2703 659 2764 ignoti.
697 2704 746 2752 hus
771 2703 854 2763 inest,
885 2708 915 2752 ut
936 2705 1029 2766 capitis
1049 2706 1213 2766 temporibus

143 2786 247 2836 Nomen
267 2780 375 2832 ridiculi
385 2793 465 2829 causa
474 2780 601 2837 inditum,
621 2784 661 2828 est
698 2791 812 2839 magnae
833 2793 961 2830 verrucae
986 2781 1160 2830 innascantur
1184 2782 1211 2830 in

35 2866 42 2872 '
143 2856 298 2932 Κίκιῤῥος,
318 2854 496 2927 ἀλεκτρυών,
515 2857 560 2904 der
582 2857 660 2906 Goch-
697 2858 959 2918 modumcornuum,
979 2858 1212 2920 quascumiucidi

143 2939 222 2987 hoho.
248 2963 280 2973 -
303 2932 396 2996 Musa]
425 2933 471 2982 Est
488 2933 598 2996 parodia
621 2933 659 2982 te·
696 2933 812 2992 iaciunt,
839 2935 976 2982 cicatrices
997 2935 1025 2982 in
1048 2933 1135 2983 fronte
1156 2947 1212 2982 ma-

143 3016 211 3066 stiua
245 3011 381 3061 Homerici
412 3010 484 3059 illius
515 3010 592 3062 Iliad.
622 3011 657 3070 β,
697 3015 761 3058 nent
777 3011 853 3071 quasi
870 3014 949 3058 notae
970 3016 1135 3059 exsectorutn
1154 3024 1214 3059 cor-

142 3089 213 3138 lati:
237 3083 361 3136 ³'Eonsrs
387 3085 440 3136 νῦν
462 3101 515 3149 μοι
541 3085 661 3136 Μοῦσαι
697 3099 790 3134 nuum.
814 3087 845 3134 In
863 3087 936 3134 hune
952 3099 1015 3147 ergo
1033 3087 1164 3144 morbum,
1185 3086 1212 3134 id

140 3156 657 3227 'Oiupntacaiprar’t'xouoan—Osci]
697 3168 749 3222 est,
773 3162 850 3211 faciel
870 3163 978 3221 vllium,
1010 3178 1062 3224 quo
1081 3163 1212 3224 Campani

143 3241 273 3290 nominat.
284 3238 354 3300 plur.
374 3238 484 3286 Videtur
496 3239 602 3286 ridiculi
612 3239 659 3286 ali·
696 3239 839 3296 laborant,
879 3238 981 3286 iocatur
1014 3239 1211 3288 Sarmentus.»

138 3318 207 3382 ¹quid
217 3315 363 3366 inhaesisse.
375 3313 438 3362 huic
448 3314 659 3364 denominationi
697 3315 785 3364 Coun.
799 3314 880 3371 Cano·
894 3371 897 3378 Ἰ
909 3314 954 3361 Est
966 3314 1067 3375 primos
1082 3313 1212 3376 elephan.

143 3395 185 3448 rel
203 3398 311 3456 propter
329 3389 514 3439 Atellanarum
531 3404 658 3452 personas
697 3391 885 3451 tlasisgradus.
902 3414 934 3449 -v
946 3388 1075 3452 Cyclopa]
1096 3395 1212 3446 «utsah

143 3474 284 3527 novennem
300 3466 464 3516 ethicorum.
488 3491 516 3500 -
536 3465 656 3527 domino]
696 3468 776 3517 lando
794 3467 953 3530 Cyclopem,
979 3467 1067 3516 lerum
1084 3468 1211 3522 Galatcae
1309 3513 1310 3520 ,

142 3549 179 3600 Μ.
192 3544 303 3596 Favonii
316 3543 395 3593 vidua
404 3540 469 3590 uiuit
481 3541 567 3590 adhuc
580 3543 658 3592 adeo·
696 3550 851 3602 amatorem,
870 3545 1017 3593 imitaretur
1029 3559 1059 3594 ac
1070 3547 1209 3598 referret»
1309 3589 1310 3608 p

142 3635 195 3684 qua
208 3631 300 3670 seruus
313 3607 462 3664 catarsina
475 3620 558 3675 patre.
696 3645 727 3656 -
747 3617 836 3682 larua]
866 3621 1002 3682 Nusquam
1026 3623 1079 3672 nisi
1097 3625 1140 3674 hio
1162 3637 1211 3686 pro

175 3693 287 3745 58-64.
308 3688 365 3751 tua]
380 3691 406 3740 in
420 3703 558 3753 pronon:
573 3697 657 3770 ‘uiuae
691 3709 804 3762 persono
825 3699 936 3764 reperiri
955 3700 1069 3774 ridetur.
