2644 4112
100 179 150 245 78
460 207 598 252 uouaru
621 209 821 252 sarraanum

98 340 168 403 Nec
181 344 289 402 lamen
302 339 365 403 boc
379 343 527 405 tribuens
540 341 684 405 dederim
698 361 827 426 quoque
839 349 969 419 ceiera3
991 363 1063 406 tram
1083 347 1131 408 sic
1156 343 1174 401 5

66 522 69 532 ,
101 459 144 520 bit
169 460 287 522 haberi
311 462 422 522 mimos
444 465 479 521 ut
504 461 639 541 pnlclrra
662 467 815 544 poemata
838 467 943 558 prirer.

100 577 193 664 Ergo
216 597 282 640 non
305 581 388 640 satis
411 584 462 642 est
485 583 554 642 risu
576 579 733 645 diduaere
754 584 872 645 rictum

100 697 290 780 Auditoris3
313 703 346 759 ei
369 676 420 760 est
444 697 603 780 quaedam
626 707 735 761 tamen
759 699 809 762 lric
833 718 962 781 quoque
984 688 1103 762 virtus.
1185 785 1187 792 Α

101 815 163 877 ast
185 817 351 879 brevitate
374 835 474 898 opus,
501 821 536 878 ut
563 821 674 879 currat
697 819 949 880 sententia‘neu
972 823 1017 880 se'
1046 845 1050 854 ·
1110 825 1114 834 ⁴

100 933 263 1016 Impediat
284 923 397 996 uerbis
420 936 527 998 lassas
550 937 765 999 onerantibus
787 943 901 1018 aures3
1135 933 1176 992 10

102 1055 144 1116 lat
167 1071 318 1116 sermone
341 1073 425 1135 opus
449 1061 499 1116 est
522 1033 622 1116 mado
641 1057 743 1130 tristi,
765 1073 866 1136 saepe
889 1051 1020 1136 iocoso,
1034 1035 1040 1059 ³
1159 1082 1170 1106 ν

102 1172 312 1236 llet'eudente
334 1151 441 1236 vicem
465 1175 559 1235 modo
582 1171 725 1235 rhetoris
747 1181 846 1254 atque
869 1177 1033 1254 poetae,''

102 1287 269 1353 latendum
293 1281 425 1372 urbani,
449 1295 617 1375 parcentis
638 1291 764 1354 viribus
786 1296 885 1373 atque
978 1291 1006 1300 ''

103 1400 324 1474 blateauautis
346 1429 404 1474 eas
426 1411 589 1474 consulto.
636 1411 818 1473 Ridiculum
841 1413 908 1474 acri

134 1613 161 1664 6.
199 1609 307 1676 baberi]
335 1612 456 1664 Macrob.
477 1613 531 1676 Sat.
546 1613 617 1666 27:
659 1610 865 1672 frequentesque
887 1625 902 1662 a
922 1625 951 1662 re
972 1613 1177 1678 degreumones,

102 1693 134 1740 l).
164 1691 319 1748 Laberium,
360 1703 466 1751 asperae
493 1691 621 1738 libertatis
659 1690 755 1750 quibus
775 1689 845 1737 vitiis
865 1688 1061 1750 defatigabatur
1081 1694 1175 1742 lector.

101 1771 208 1833 equitem
236 1770 395 1826 Roman-um,
428 1769 523 1816 Caesar
547 1769 620 1828 quia·
659 1767 711 1814 Nec
741 1766 803 1816 satis
835 1767 910 1813 illum
938 1773 1024 1818 artem
1050 1771 1177 1820 calluisse

101 1849 182 1911 peratis
199 1847 301 1893 milibus
319 1846 458 1898 invitavit,
485 1853 515 1892 at
531 1845 621 1904 pradi-
658 1841 810 1902 siguificat,
830 1843 936 1896 tristia,
958 1843 1053 1903 idest,
1086 1847 1178 1906 gravia

100 1932 139 1972 rot
151 1927 179 1970 ia
192 1937 293 1969 scemam
310 1929 333 1969 et
349 1924 402 1982 ipse
414 1929 502 1984 eperat
518 1923 618 1974 minuar,
658 1921 787 1975 asseria,
808 1920 905 1968 iocosis
923 1921 1110 1977 immiscendi,
1127 1924 1178 1976 ¹secl

101 2013 164 2060 qam
195 1999 372 2057 scriptitabat.
429 1999 477 2046 Sed
503 2006 620 2059 potestas
660 1998 717 2043 laea
758 1998 838 2044 unice
879 2005 1010 2058 captasse.
1061 1999 1179 2055 «Satira,-

100 2075 273 2128 mantalam,
298 2075 321 2121 si
341 2076 448 2129 invitet,
475 2077 526 2124 sed.
542 2069 621 2124 etiam
658 2074 1178 2136 rumautemseriptorpartesinterdum

101 2154 123 2200 si
140 2153 283 2212 supplicet,
303 2155 388 2214 caqit,·
407 2155 474 2203 uude
493 2167 518 2202 se
535 2162 558 2216 et
570 2155 620 2203 La·
659 2154 791 2198 sustinere
805 2152 883 2200 debet
899 2153 1045 2200 rbelort'es.
1065 2155 1178 2203 oratoris

102 2228 184 2276 beriae
205 2243 222 2275 a
243 2228 352 2295 Caesare
373 2237 489 2278 coactum
509 2232 538 2278 im
558 2231 620 2278 Pro·
659 2217 793 2276 lectorem
810 2229 843 2274 ad
868 2229 991 2276 virtutem
1015 2233 1178 2278 exhortantis

100 2298 335 2367 lopotestutarbis
351 2307 474 2365 versibus,
495 2312 546 2355 cet.
575 2307 620 2354 Se·
657 2305 851 2365 bominumque
879 2306 943 2353 vitia
969 2309 1066 2358 acriter
1091 2307 1178 2366 exagi-

100 2384 190 2446 qultur
223 2381 352 2444 Prologus
386 2385 493 2444 optimis
526 2383 618 2445 ntique
658 2382 753 2440 tantis,
774 2382 1076 2444 saepiusveropoi'taa,
1097 2383 1204 2432 modo·

101 2462 188 2523 poesis
210 2461 321 2508 Latinae
343 2461 522 2510 monumentis
537 2463 636 2508 aduu-
659 2460 777 2522 actiones
791 2459 921 2506 ridiculas
939 2460 1129 2519 describentis,
1148 2467 1178 2509 ut

99 2537 262 2586 moralibus:
288 2551 382 2587 rerum
404 2539 479 2586 mimi
500 2539 550 2602 ipsi
566 2524 637 2592 non!
659 2536 976 2595 estiterllruudusinum,
995 2538 1177 2598 Importunas,

101 2617 188 2665 solum
213 2615 340 2673 floralia,
374 2617 420 2664 sed
441 2617 521 2664 etiam
547 2617 637 2665 Cice-¹
659 2615 828 2675 Colloquinm
847 2626 908 2660 cum
926 2613 1069 2672 Trebatio,
1098 2615 1178 2664 arada

100 2695 160 2741 ron'i
181 2695 253 2742 baud
275 2695 354 2741 nimis
377 2695 530 2756 placebant.
579 2695 636 2757 Aa,
659 2692 782 2738 ramosa
797 2691 1177 2739 vitiosossalsederidentis.u

99 2771 177 2820 Fam.
192 2771 234 2830 lu,
256 2771 305 2820 18:
326 2771 449 2833 Equidem
462 2773 498 2818 sic
511 2773 565 2818 iam
578 2772 620 2817 ab·
695 2767 820 2815 13-15.
872 2765 981 2838 abbani]
1019 2765 1176 2836 «εἴρωνος,

99 2849 177 2897 dritta
196 2846 232 2912 (a.
246 2863 274 2896 u.
289 2861 313 2897 c.
327 2846 418 2909 illa),
438 2856 467 2896 ut
479 2849 548 2896 iadis
560 2847 621 2895 Cbe-
659 2848 777 2892 ornnem*
794 2845 992 2894 scurrilitatem·
1007 2847 1071 2895 snite
1106 2845 1178 2892 devi-

14 2929 19 2933 ’
98 2929 174 2978 saris·
192 2925 278 2975 datm
301 2927 454 2987 aequissimo
475 2927 564 2972 animo
588 2940 620 2956 -
659 2920 738 2969 tantis
759 2933 790 2968 aa
811 2927 919 2982 propter
938 2920 962 2968 id
986 2923 1091 2981 ipsam,
1116 2935 1177 2968 cum

100 3009 218 3058 audirem
229 3005 329 3051 Laberii
342 3011 365 3051 et
375 3003 459 3052 Publii
469 3000 548 3066 (Syri)
560 3005 636 3073 poe'-⁴
659 2998 744 3046 multu'
772 3001 862 3046 acrius
887 2997 1124 3060 vehementiusque
1150 2999 1178 3046 ln

100 3091 185 3134 mata.
230 3094 249 3118 ·=
350 3077 374 3125 ᾗ
657 3077 721 3125 u'itiu
734 3077 824 3124 invehi
840 3075 946 3136 posset,
968 3079 1089 3137 proprias
1108 3075 1178 3123 vires

118 3141 185 3210 '7-
197 3157 240 3210 m.
268 3139 386 3208 diducere
399 3154 508 3217 rictum]
525 3151 622 3204 «lecto-
659 3153 841 3209 extenuantis,
862 3154 901 3200 sic
921 3159 1026 3206 tamen,
1047 3161 1076 3202 ut
1096 3154 1178 3202 lecta

102 3253 159 3288 rem
179 3238 220 3288 vel
243 3235 356 3288 invitum
378 3237 411 3283 ad
438 3235 522 3282 risum
544 3233 620 3294 quasi
658 3243 716 3279 rem
740 3231 852 3277 minime
868 3229 975 3288 iu'giat',
999 3241 1053 3278 nan
1076 3229 1178 3290 ingenii

96 3328 216 3378 cogere,
237 3315 262 3364 ei
279 3311 514 3373 risnmproiusum
533 3321 621 3357 move·
660 3308 766 3368 inopia,
794 3307 839 3354 sed
860 3305 947 3354 dedita
967 3319 1051 3366 opera
1071 3305 1177 3368 podiam

103 3409 171 3451 pen>
202 3402 406 3455 «qumquam,
439 3389 541 3449 inquit,
570 3387 621 3434 bac
660 3383 698 3432 ita'
714 3385 765 3432 sibi
785 3385 952 3432 moderatum
971 3396 1077 3432 esseae
1096 3383 1178 3432 veluti

98 3484 211 3534 ,quoque
253 3481 306 3517 nou
330 3463 488 3514 ‘minimum
522 3463 620 3511 satirici
657 3463 749 3509 lreuos
772 3462 948 3522 imposuisse,
986 3468 1014 3508 ut
1036 3475 1070 3508 ne
1098 3463 1177 3510 nimis

51 3569 54 3578 ¹
104 3552 197 3611 politae
220 3551 259 3595 est
279 3545 438 3592 meritum.»
460 3563 489 3574 -·
516 3538 619 3602 currat]
661 3531 765 3610 iocosae
784 3547 809 3586 el
826 3539 973 3586 scurriliter
992 3538 1101 3585 mordax
1117 3553 1178 3588 eva-

84 3611 290 3688 [ambacum
315 3617 441 3667 facilitate
469 3618 622 3677 progredia·
660 3613 818 3665 deret.u'-
838 3615 921 3675 secat]
947 3615 1082 3672 «dirimit,
1107 3612 1178 3664 deci-

98 3709 148 3764 ,tur
162 3713 250 3762 neque
263 3694 396 3745 claudicet
410 3695 476 3742 neve
491 3695 620 3741 insistat.»
660 3695 730 3742 ab.»
762 3693 805 3741 Sic
824 3692 890 3754 Epp.
912 3692 1016 3749 t,·1a‚
1038 3693 1086 3740 itt:
1120 3693 1177 3752 Quo

101 3775 286 3842 ,Reprehendit
304 3773 409 3821 'Lucilii
434 3771 622 3822 verbositatem
659 3769 756 3818 multae
772 3765 932 3832 ,unaquaeque
958 3775 1075 3817 secantur
1094 3766 1177 3815 inediae
