2650 4122
74 187 76 191 ’
118 183 200 253 uid
455 203 596 252 norrun
623 199 860 249 snrscousaun
921 173 922 178 ’

117 341 215 411 Vivis
238 346 271 408 ei
294 345 417 426 urtica,
440 343 489 408 sto
512 345 608 407 vives
629 347 807 425 protenus,
832 341 868 402 ut
890 340 924 400 te

119 463 303 530 Confestim
326 462 470 548 liquidus
491 462 661 526 nonnose
684 461 779 523 rivu's
800 459 949 539 inauret,

121 585 185 649 Vel
209 587 286 668 quin
308 587 459 647 naturam
483 573 608 644 mutare
632 580 773 664 pecunie
794 577 922 658 nescit,

120 703 184 768 Vei
207 705 283 787 quio
306 705 427 767 cuncta
448 704 549 784 putas
570 716 636 763 unn
658 701 784 762 virtute
806 697 943 759 minora.

116 815 295 902 Miremur,
318 793 357 883 st'
374 821 554 883 Democriti
576 837 680 900 pecus
693 817 770 910 ¹edit
792 816 938 916 agellos

117 937 302 1025 Cultaque,
334 937 408 1002 dum
431 955 575 1022 peregre
599 943 650 1002 cst
673 938 802 1000 animus
822 936 895 998 sine
917 951 1060 1018 corpore
1082 933 1209 1030 vetox3
1308 985 1309 1032 ,

117 1060 197 1125 Cum
221 1063 255 1122 tu
279 1061 366 1122 inter
387 1059 531 1123 scabiem
554 1059 679 1122 tantam
702 1059 737 1120 et
759 1056 917 1140 contagia
939 1054 1021 1118 lucri
1308 1151 1309 1158 ἵ

117 1178 172 1243 Nil
196 1197 333 1262 parvum
355 1179 468 1261 sepias
489 1180 524 1242 ct
545 1175 655 1240 edituo
676 1175 829 1280 subitaria
850 1189 964 1238 cures:
1011 1169 1013 1180 ⁴
1160 1165 1202 1228 ts

32 1375 40 1394 ’
117 1385 192 1434 ritrus
212 1383 284 1434 vesci
301 1382 382 1436 tacite
401 1383 451 1432 tibi
471 1385 582 1442 liceret,
602 1389 640 1433 ta·
678 1383 757 1450 carnia
771 1379 866 1442 nmctt]
887 1381 955 1444 «Qui
971 1387 1067 1434 natu-ra
1082 1381 1125 1432 vsi
1141 1382 1202 1430 sine

115 1475 179 1511 men
197 1457 351 1511 abstemios»
371 1457 423 1524 (pr.
444 1461 477 1510 ds
495 1462 576 1532 vino,
596 1461 640 1510 iric
678 1460 900 1524 philosophorum
926 1457 1076 1521 praeceptis
1098 1464 1202 1520 tempe-

116 1543 143 1589 st
160 1540 194 1588 de
209 1541 270 1588 cibo
288 1545 314 1588 et
338 1540 371 1588 ds
394 1543 457 1601 potu
470 1536 494 1601 :t
516 1539 638 1588 «sobrius
678 1551 741 1586 runs
752 1541 807 1597 est,
828 1538 910 1588 etism
924 1535 1110 1597 ditesiactu‘s,
1125 1537 1202 1600 prius

114 1631 210 1667 manes
232 1631 264 1667 so
285 1617 352 1668 siris
377 1617 562 1678 leguminibus
583 1617 639 1666 oie·
678 1616 747 1676 ritae
760 1629 855 1677 genus,
875 1616 961 1666 bonae
975 1614 1123 1665 valetudini
1142 1615 1201 1664 uni·

115 1697 244 1759 riirusqus
266 1701 347 1758 atque
364 1697 434 1744 iuter
451 1696 518 1744 haec
536 1695 579 1744 vei
596 1708 639 1742 ur·
677 1706 708 1742 ce
727 1698 834 1756 aptum,
855 1699 972 1742 servat.»

113 1774 186 1833 uos,
214 1771 300 1838 aeque
323 1786 404 1837 parco
426 1779 453 1822 et
471 1775 546 1822 tenui
566 1775 638 1823 victu
713 1771 825 1820 sn-rd.
861 1768 1008 1833 Hermum]
1024 1759 1137 1819 audiun
1154 1783 1202 1820 au-

114 1853 197 1902 etirm
219 1859 361 1914 protomus
386 1851 421 1914 (i.
444 1865 469 1900 e.
494 1863 595 1912 «porro
614 1856 638 1899 ct
677 1853 730 1896 tem
745 1853 770 1898 te
782 1845 830 1899 'sei
847 1849 962 1898 maxime
975 1849 1082 1897 studere
1099 1854 1126 1898 et
1142 1848 1201 1911 piri·

112 1929 168 1979 sinc
186 1931 396 1979 intermissione»
421 1929 491 1977 Non.
516 1943 541 1990 p.
562 1923 636 1988 ³75.)
676 1925 815 1986 tosophtae
843 1925 962 1973 deditum
989 1939 1048 1974 esse
1073 1926 1198 1985 gaudeo:

114 2007 334 2070 «inperpetuum
352 2003 454 2066 uteris,
475 2002 581 2056 etiamsi
594 2018 637 2053 su·
676 2003 776 2050 etenim
794 2001 816 2050 si
840 2003 987 2061 miramur,
1014 2003 1200 2052 Democritum

111 2085 167 2136 tito
190 2085 265 2136 dives
287 2085 372 2135 iactus
398 2087 471 2141 eris,
502 2084 545 2131 vei
573 2082 635 2144 quia
676 2077 752 2128 tiium
773 2093 829 2129 rem
854 2079 1071 2129 familiarem‘ob
1092 2079 1199 2142 sapion-

110 2165 208 2212 aarum
236 2163 309 2212 uitro
335 2169 489 2222 temperans
516 2171 563 2217 er,
593 2159 636 2208 vei
676 2157 728 2204 tire
762 2157 865 2214 studia¹
884 2169 1006 2218 prorsus,
1025 2157 1198 2220 neglexisse,

111 2239 175 2302 quie
195 2250 226 2287 er
247 2237 327 2286 firmo
351 2237 488 2299 proposito
516 2237 635 2285 abstines
674 2234 760 2282 mutto
780 2236 866 2296 magis
890 2236 1009 2296 proiecto
1033 2241 1059 2284 te
1081 2237 1200 2286 admire-

111 2313 271 2372 aituuris,
301 2321 330 2362 ut
350 2315 499 2378 sapientiae
528 2325 639 2376 praece:
676 2323 737 2359 mur
755 2317 937 2367 arcesseret,
959 2315 1004 2376 qui
1025 2313 1095 2362 inter
1113 2315 1198 2363 muita

111 2391 164 2456 ptis
182 2391 360 2442 satisfacitis.»
381 2417 410 2428 -
430 2393 462 2441 tn
484 2393 568 2441 medio
588 2405 636 2454 po·
676 2389 782 2450 negotia
806 2391 961 2440 necessaria
991 2391 1118 2453 quidem,
1151 2391 1198 2441 sed

95 2465 177 2518 'citor
205 2475 266 2519 sunt
287 2483 348 2530 res,
377 2481 490 2534 quarum
518 2475 635 2532 potestas
677 2467 810 2517 interdum
828 2469 995 2528 sordidiora,
1018 2473 1046 2520 ui
1064 2476 1104 2520 est
1122 2471 1200 2519 tabu*

111 2547 190 2597 unitis
207 2549 248 2596 est
263 2559 295 2597 ac
308 2547 378 2598 iiber
391 2561 464 2597 usus.
486 2567 516 2582 -ι
537 2543 634 2607 urtica]
673 2546 760 2595 iarum
771 2549 880 2610 expensi
890 2549 1046 2610 acceptique
1053 2548 1196 2607 confectio,

111 2617 157 2674 tin
174 2627 392 2690 omninopisnta
409 2627 487 2676 huius
505 2625 633 2685 nominis,
674 2627 744 2674 inter
768 2624 893 2674 hominos
919 2633 1046 2688 quaestus
1068 2639 1099 2675 ac
1128 2627 1199 2675 tucri

110 2715 163 2768 qua
188 2700 251 2753 itati
276 2705 432 2754 etiamnunc
448 2709 540 2762 nere,
569 2703 633 2751 dum
673 2703 799 2765 cupidos,
820 2704 981 2764 quibuscum
996 2714 1076 2766 saepe
1093 2705 1198 2754 versari

110 2787 205 2832 tenera
222 2787 276 2842 eet,
298 2781 634 2840 resciinterdumsotcnt:
672 2779 772 2840 debes,
805 2781 980 2830 nihilomiuus
1008 2781 1197 2844 piriiosopiriae

109 2861 268 2912 nonurtica
289 2863 413 2920 marina,
437 2859 565 2910 Medusae
589 2873 634 2920 ge·
672 2865 697 2908 et
722 2859 838 2922 physicis
864 2861 957 2908 studiis
983 2873 1090 2909 rocas.»
1137 2859 1196 2910 Cios

110 2953 180 3000 uus,
201 2940 315 3003 quae'tn
336 2940 455 3002 opiparis
474 2937 633 3002 pontiiioum
672 2939 704 2987 dc
730 2937 789 2986 sin.
815 2939 849 2994 5,
882 2938 934 2987 no:
966 2937 1020 2987 Cur
1043 2943 1083 2987 tot
1107 2939 1198 2988 morto

22 3013 26 3022 '
109 3020 201 3068 coenis
214 3019 410 3080 apponebatur.
432 3015 524 3066 Herdr's
541 3023 632 3064 autem
670 3013 818 3064 tranrrnirtr
841 3013 1026 3064 Democritus?
1044 3019 1110 3079 put,-
1126 3013 1198 3078 (uere

108 3103 133 3146 ci
155 3097 242 3145 urtica
265 3089 365 3144 dictum
392 3099 450 3155 ost,
483 3089 517 3143 ui'
532 3094 583 3142 Dd.
605 3096 630 3153 i,
669 3091 1077 3157 salsorumcurpnacrsremrrsi)
1097 3094 1198 3143 dicitur·

107 3173 151 3232 12,
170 3173 205 3222 δι
236 3171 317 3221 stivae
341 3179 367 3221 ct
386 3185 501 3234 querum.
551 3171 629 3220 Dvid.
670 3171 749 3220 ocutis
764 3184 790 3220 rc
803 3173 937 3233 privarem
963 3161 1050 3226 certe,
1069 3177 1100 3220 ut
1116 3169 1196 3234 quum

105 3241 325 3309 stantunus:
357 3256 381 3298 et
402 3249 479 3314 dores
499 3249 569 3298 mitte
591 3262 632 3296 ro·
669 3249 773 3297 nrtntmc
791 3250 922 3296 animoso
935 3249 1137 3312 coptioiionr‘dtrs
1150 3250 1199 3298 ud·

103 3327 189 3376 torum
218 3325 347 3389 ditiaque.
381 3349 412 3364 -
443 3323 487 3387 ut]
504 3327 629 3385 “niicet,
668 3328 820 3385 duceretur,
846 3321 1039 3386 patrimonium
1060 3323 1194 3389 neptem,

103 3405 268 3466 quomrum
301 3416 354 3451 non
373 3401 431 3452 tva.
454 3427 481 3437 -
507 3399 628 3465 inauret]
668 3416 748 3468 apros
767 3401 878 3453 deseruit
897 3395 1023 3452 incultos,
1039 3418 1071 3438 -e
1088 3401 1197 3468 pcrcpre

103 3479 231 3543 Suspicor
263 3480 400 3542 proverbii
434 3479 525 3528 iocum
562 3481 629 3529 obti-
667 3471 915 3541 errtnr'nedttanont
931 3479 1195 3543 immersuseique·

102 3557 194 3606 unisse
219 3555 355 3605 Fortunae
380 3569 493 3605 aureum
520 3557 627 3616 rivum,
667 3555 689 3608 si
715 3563 871 3622 segregatur
897 3570 912 3606 a
937 3565 1068 3620 corpore,
1097 3559 1193 3622 procui

102 3635 129 3682 iu
156 3647 242 3706 queml
262 3633 308 3682 ubi
334 3634 394 3694 quis
419 3645 449 3682 se
475 3633 627 3696 immersit,
666 3637 741 3686 abest
772 3649 787 3684 a
818 3635 899 3684 rebus
925 3621 1125 3686 terrestribus.»
1159 3660 1190 3672 -

101 3711 249 3770 sensatim,
270 3710 296 3757 td
309 3711 372 3766 est,
385 3715 496 3774 reponte
516 3711 572 3772 ipss
590 3713 628 3760 dt·
665 3710 755 3776 celon]
777 3713 865 3762 «inter
877 3713 933 3762 veri
948 3704 1072 3784 serapide
1091 3719 1192 3776 msg'na

100 3799 145 3836 ves
172 3785 210 3836 Di.
244 3809 272 3822 -
304 3778 431 3834 notnrortr
459 3794 560 3836 murore
583 3801 626 3850 pe·
664 3801 726 3839 cam
750 3786 1046 3842 institueremus.»
1077 3813 1106 3828 -
1134 3800 1191 3842 rott-
