2644 4112
444 177 447 180 .
507 143 571 188 ult.
594 145 615 190 l.
658 149 731 194 ΕΗ.
753 151 797 194 lx-

430 469 727 613 saurna·
759 525 858 620 rx,

109 759 201 828 lbam
224 767 311 831 forte
332 771 389 832 via
411 785 524 857 sacra,
546 774 632 837 sicut
654 793 745 838 meus
767 780 820 840 est
841 797 928 858 mos,

109 881 230 948 Nescio
253 885 331 970 quid
353 888 514 953 meditans
537 909 713 978 nugarum,
736 897 827 958 totus
849 897 988 960 inillis:
1019 923 1024 930 ·

107 1002 264 1066 Accurrit
287 981 417 1087 quidam
438 988 538 1071 notus
560 1009 635 1071 milri
658 1014 788 1075 nomine
810 1017 953 1100 tanturn,

110 1121 326 1206 Arreptaque
348 1141 459 1187 manu:
483 1123 570 1205 Quid
591 1131 680 1214 agis,
702 1129 890 1196 dulcissime
910 1127 1046 1198 rerum?

109 1236 285 1321 Suaviter,
300 1245 336 1303 ut
348 1255 434 1306 nunc
450 1248 519 1326 cst,
536 1247 680 1328 inquam,
696 1251 729 1309 et
741 1251 838 1331 cupio
854 1253 962 1315 omnia
977 1269 1062 1334 quac
1077 1255 1139 1317 via.
1159 1248 1178 1310 5
1215 1235 1220 1242 “

163 1446 236 1501 vsa.
257 1446 331 1500 raam
347 1459 378 1502 or
395 1454 462 1518 sara
480 1453 569 1504 ιιιιιι.
586 1457 660 1505 cont.
697 1471 724 1506 v.
743 1457 769 1506 a.
790 1434 911 1509 marra
925 1460 1008 1512 eoru.
1027 1461 1092 1526 naq.
1112 1477 1138 1514 v.
1153 1463 1180 1512 ι.

35 1569 38 1578 1
108 1517 268 1572 ἀιιῐιίιιιιηι,
287 1533 373 1568 reram
391 1519 484 1569 Lami).

141 1698 187 1747 lX.
225 1698 470 1759 Volgarisopinic,
493 1713 546 1760 qua
558 1701 624 1749 haec
663 1705 702 1756 tas
727 1716 788 1750 cam
813 1703 968 1752 Maecenate
993 1702 1141 1754 intercedat
1164 1720 1181 1755 a

106 1778 188 1825 satira
202 1776 258 1824 sire
272 1775 369 1822 mimus
384 1781 464 1823 estex
478 1775 624 1846 Sophronis
662 1765 785 1838 plurimis
805 1780 926 1839 ignorata
948 1785 994 1830 aut
1018 1781 1089 1831 male
1113 1783 1180 1831 iudi·

105 1862 216 1914 genere,
230 1851 331 1912 garruli
345 1851 551 1914 descriptionem
562 1862 624 1900 con·
661 1860 734 1912 cata,
754 1859 834 1917 atque
854 1858 1005 1906 cuiusmodi
1030 1871 1118 1907 morea
1141 1859 1180 1907 illi

104 1931 315 1991 tlnereputalur,
326 1929 512 1992 proculdubio
528 1929 623 1976 emate
659 1930 794 1991 placeant.
815 1933 916 1983 llarno.
930 1940 956 1982 et
968 1934 1047 1984 Ζιιιι..
1076 1933 1179 1998 Scripta

103 2007 242 2058 intellecto
260 2022 287 2056 r.
307 2005 350 2054 33.
365 2011 423 2054 orta
439 2010 487 2054 est.
516 2005 567 2054 Sed
579 2019 623 2067 po·
660 2006 766 2058 ridetur
779 2021 804 2057 a.
821 2021 849 2057 u.
864 2023 888 2058 c.
902 2009 963 2058 720.

103 2087 156 2146 rjus
183 2085 235 2133 hoc
257 2084 308 2132 sibi
326 2083 433 2145 potitam
450 2084 623 2145 proposuisse
713 2109 716 2116 .

104 2163 219 2216 clarum,
238 2167 279 2210 est
296 2164 325 2210 nt
338 2167 425 2210 certos
435 2161 565 2224 quosdam
577 2161 624 2209 lto·
695 2160 1176 2226 1—5.otasacro]ctr.1rp0u.t,
1266 2173 1295 2241 ’χ

103 2241 191 2288 mines
207 2238 340 2287 derideret
353 2243 432 2299 atque
445 2239 473 2286 in
486 2243 622 2299 posterum
660 2239 686 2286 7.
696 2237 722 2296 7,
734 2238 761 2286 8.
780 2264 808 2274 -
828 2247 897 2288 totae
907 2243 936 2288 ia
948 2238 1015 2301 illle]
1035 2241 1101 2303 Epp.
1111 2243 1136 2300 t,
1150 2245 1177 2301 1,

103 2329 162 2364 asc
178 2315 313 2376 abigeret,
335 2315 381 2376 qul
402 2313 494 2362 iudlclt
514 2313 622 2373 elegan—
660 2315 707 2362 11:
729 2318 811 2363 omnir
823 2317 852 2364 la
865 2318 912 2364 laoc
931 2331 1003 2373 aam,·
1030 2331 1083 2378 quo
1096 2319 1178 2367 mole-

102 2393 168 2442 tiam
186 2398 212 2441 et
232 2393 365 2454 politicam
381 2391 536 2440 facultatem
560 2387 621 2437 alie
660 2390 815 2441 stiordebat
823 2393 1012 2454 interpellatio.
1033 2393 1177 2456 Sicl’olybt

99 2476 205 2518 'cientes
230 2473 309 2530 atque
336 2469 487 2530 exemplum
517 2466 621 2527 Virgilii
660 2467 686 2526 3,
707 2467 758 2516 at:
790 2467 863 2538 πρὸς
892 2468 926 2518 τὸ
951 2468 1178 2521 διακινδυνεύειν

101 2547 261 2607 {loratiique
274 2545 402 2594 aemulati
416 2547 444 2593 in
456 2545 621 2594 Maecenatis
659 2537 729 2602 ὅλος
741 2545 791 2592 καὶ
799 2543 855 2605 πᾶς
863 2537 910 2609 ἢν.
921 2567 952 2579 -
961 2541 1090 2606 domarit]
1104 2547 1178 2596 llaec

101 2611 362 2678 familiaritatem-'se
383 2622 519 2670 intrudere
541 2633 621 2669 cona·
659 2619 791 2680 cupiditas
825 2619 966 2669 Horatium
999 2621 1178 2671 conveniendi

102 2705 197 2748 rentur
220 2703 262 2757 et,
289 2711 342 2760 quo
364 2699 462 2747 certius
482 2699 532 2746 hoc
551 2709 622 2746 asse·
659 2697 745 2756 magia
759 2701 820 2759 apta
834 2702 873 2744 est
888 2697 1032 2758 importuni
1046 2700 1176 2755 moribus,

102 2779 268 2838 querantur,
289 2776 346 2823 aine
359 2761 416 2823 ullo
428 2775 532 2836 pudore
544 2773 621 2822 nihil·
660 2783 741 2832 quam
750 2773 908 2832 languidum
922 2772 987 2820 illud
999 2777 1125 2831 occurrit:
1138 2775 1178 2822 sio

101 2867 155 2915 que
176 2857 314 2915 verenice,
342 2863 377 2900 ne
398 2851 479 2901 rilem
501 2861 579 2899 suum
596 2855 623 2899 et
660 2845 837 2912 Theophrasti
865 2847 1034 2914 λογοποιὸς,
1050 2850 1129 2898 Char.
1144 2851 1185 2911 aa

101 2928 622 2989 abiectumanimumprodercntmmni·
659 2926 731 2976 πᾶσι
742 2926 773 2976 ct
785 2929 847 2988 τοῖς
866 2924 948 2994 dorp*
963 2923 1045 2975 πόλει
1060 2925 1178 2995 προσδι-

102 3007 150 3055 bas
164 3005 251 3054 modia
264 3005 369 3054 Horatii
382 3004 527 3052 amicitiam
541 3016 621 3065 capu·
658 3001 789 3072 ὀράμηκι
805 3002 907 3066 λέγων.
933 3001 1063 3052 Similiter
1081 3006 1178 3065 arripit

103 3092 187 3143 gnara
200 3081 403 3130 contenderent.
440 3079 529 3128 Hoscc
542 3079 622 3141 igitur
660 3091 785 3137 manum,
805 3092 860 3127 non
874 3081 1019 3140 mcleodit.
1040 3103 1070 3116 -·
1092 3079 1177 3142 lunge

45 3139 48 3158 ⁸
102 3159 315 3208 hominesmalc
336 3158 443 3206 sedulos
459 3161 567 3214 monet,
587 3169 621 3209 ne
659 3157 901 3204 dulcissimcreram.
913 3155 1178 3215 Orid.llet.8,l⁹et

101 3237 189 3284 solitis
213 3225 392 3297 parasitorum
417 3233 521 3284 artibus
544 3243 573 3281 se
594 3233 622 3280 ia
660 3233 726 3282 ller.
743 3233 775 3290 4,
797 3233 868 3282 125:
883 3235 1053 3294 marmora
1075 3247 1177 3292 ranam:

101 3313 268 3362 Maecenatis
277 3311 424 3359 amicitiam
433 3311 551 3372 irrepere
561 3319 621 3370 pos·
659 3310 786 3371 Quinctil.
800 3311 826 3366 l,
842 3309 884 3367 ta,
904 3310 935 3358 a:
951 3311 1126 3372 mutarim
1138 3323 1200 3361 re·-

103 3393 269 3452 seapercnt3
290 3385 507 3444 «amecertept
524 3386 620 3447 inquit,
658 3383 900 3434 rom-'atam
918 3384 969 3449 eat]
1003 3401 1068 3450 «pro
1086 3401 1178 3437 rerum

104 3465 194 3513 «talos
223 3477 363 3526 nunquam
395 3462 623 3516 commentatiun—
660 3475 783 3512 mearum
807 3464 894 3526 copta.
919 3487 946 3501 -
974 3461 1069 3525 cupio}
1096 3463 1178 3513 Solita

103 3549 175 3592 tur.»
212 3541 298 3608 Simul
323 3539 420 3590 callide
444 3541 495 3590 trac
515 3549 621 3600 qaoque
660 3542 728 3590 liaeo
743 3553 850 3602 quoque
872 3530 1031 3590 urbanitatis
1050 3540 1176 3590 termula.

101 3620 246 3670 occasione
264 3620 363 3675 utitur,
390 3623 420 3665 ut
442 3617 544 3666 civibus
565 3617 620 3664 anis
661 3617 747 3666 Plani.
761 3615 830 3665 llud.
840 3617 866 3671 lt,
878 3616 904 3675 d,
916 3608 947 3666 1':
967 3629 1123 3680 quamquem
1135 3631 1178 3666 oo·

95 3697 286 3762 demonstret,
307 3693 394 3757 qualis
414 3693 464 3742 sibi
483 3683 621 3742 familiari·
662 3695 699 3742 bia
711 3693 769 3742 volo
781 3707 847 3756 mma
862 3693 954 3752 uoltis,
973 3693 1099 3742 mulieres.
