2658 4128
504 183 570 230 ma.
592 181 625 228 ιι.
667 182 741 228 aar.
762 181 821 228 vn.
1114 149 1193 220 ior

122 319 280 386 Perdilur
300 319 384 386 baec
404 319 493 384 inter
512 321 632 384 misero
653 319 711 381 lux
732 336 799 380 non
821 316 893 379 sine
914 315 1017 376 votis:

113 427 153 516 ’,0
176 459 250 520 rus,
272 438 492 525 quandoego
507 439 541 500 te
557 428 762 518 adspiciam?
785 431 982 518 quandoque
995 430 1109 494 licebit
1153 423 1194 484 6⁰

120 557 226 622 Nunc·
240 560 390 620 veterum
411 557 519 638 libris,
542 571 629 619 nunc
651 572 765 618 somno
788 556 822 616 et
843 551 1005 614 inertibus
1026 547 1116 612 horis

122 675 254 739 Ducere
276 675 440 740 sollicitae
460 671 604 737 iucunda
626 670 749 736 oblivia
769 662 886 734 vitae?

124 790 153 857 ⁰
177 791 309 875 quondo
330 792 409 856 faba
429 790 646 878 Pythagorae
668 790 814 874 cognate
835 787 996 869 simulque

122 908 235 974 Uncta
255 909 338 972 setis
361 911 475 994 pingui
497 897 663 989 pbnentur
686 905 834 969 oluscula
853 894 975 968 iardoi

123 1025 153 1092 0
176 1027 293 1090 noctes
315 1042 504 1107 coenaeque
527 1017 636 1088 deum!
659 1023 777 1104 quibus
796 1023 869 1104 ipse
890 1023 1017 1104 melque
1109 1089 1113 1094 .
1151 1015 1191 1076 65

121 1143 214 1208 Ante
235 1142 541 1222 Lcremlproprium
564 1158 685 1206 vescor
705 1156 892 1222 vernasque
914 1153 1076 1220 procaces

121 1259 231 1326 Pasce
252 1259 364 1324 libatis
384 1256 532 1339 dapibus
573 1257 679 1320 Proui
700 1258 817 1339 cuique
839 1255 940 1320 iibido
962 1256 1032 1333 esl‚·

120 1375 236 1445 Siccat
255 1375 447 1458 inaequales
468 1374 591 1438 calices
611 1376 756 1438 conviva
776 1375 905 1446 solutus

120 1495 269 1581 Legibus
290 1495 431 1570 insanis,
454 1509 514 1554 seu
536 1493 609 1574 quis
630 1495 720 1573 capit
741 1494 832 1556 acria
853 1492 951 1554 fortis

120 1611 248 1678 Pocula
268 1627 329 1676 seu
350 1607 486 1673 modicis
508 1609 637 1672 uvescit
658 1609 787 1702 laetius.
806 1599 918 1695 'Ergo

121 1727 239 1796 Sermo
261 1732 383 1814 orllur,
403 1747 471 1792 non
492 1727 534 1792 de
555 1728 644 1790 villis
665 1725 856 1796 domibusve
878 1725 1012 1806 alienis,

120 1953 184 1998 anie
208 1945 389 1998 Alexandrum
410 1947 449 1997 Μ.
472 1973 501 1983 -
527 1944 634 2010 somno]
672 1957 783 1996 securae
801 1949 827 1996 ei
841 1943 983 2002 iucundae,
998 1955 1030 1994 aa
1045 1945 1067 1994 si
1080 1947 1189 1996 commod

116 2026 288 2084 meridiano,
301 2026 393 2083 derio,
413 2025 484 2086 quod
505 2025 589 2074 Varro
601 2025 633 2074 ii.
671 2024 776 2073 deorum
784 2037 870 2072 essem
881 2021 976 2085 (Odi,
987 2023 1030 2084 28,
1040 2019 1090 2087 7.),
1104 2025 1189 2074 inuo-

122 2101 155 2150 a.
182 2103 212 2161 1,
237 2103 264 2152 ἓ.
290 2101 369 2152 dicii:
412 2103 537 2152 aestiuum
568 2103 636 2152 diem
671 2107 838 2162 eminusque
852 2098 1186 2164 productaein-mea'qae]

121 2179 255 2242 diffindere
270 2180 383 2229 amillio
402 2191 501 2228 aemon
522 2200 553 2215 -
567 2182 635 2228 mer·
672 2191 726 2227 non
743 2179 862 2237 «servio,
881 2179 928 2228 aad
941 2184 970 2228 ut
983 2183 1054 2241 patei
1066 2192 1097 2228 ex
1109 2190 1186 2240 seqq.

122 2257 190 2306 cibos
217 2252 307 2317 boris]
351 2257 422 2318 quel
459 2256 549 2305 dolce
580 2257 636 2318 [or
672 2254 1211 2318 etermdiemorumoamioiaiqua'

119 2336 285 2392 nicola·-
302 2329 415 2394 Ducere]
437 2328 635 2394 discendum
672 2328 833 2392 familiares,
860 2333 954 2394 quiin
978 2332 1054 2382 ieciis
1080 2345 1187 2380 mecum

120 2413 214 2464 vinum
230 2405 393 2472 obsorbere,
412 2411 531 2460 haurire.
559 2409 633 2470 virg.
672 2409 843 2468 accumbam,
863 2409 1013 2470 etquidem
1032 2421 1063 2456 ex
1076 2409 1187 2456 rustico·

120 2489 190 2538 Aen.
204 2488 230 2544 e,
244 2487 313 2536 'iiis
333 2487 438 2536 Securos
448 2487 535 2536 iotieea
546 2493 571 2534 et
580 2487 634 2534 lon-
672 2499 732 2534 rum
744 2498 828 2544 mora,
846 2490 908 2535 ante
921 2485 1002 2535 Lares
1016 2485 1043 2536 in
1061 2483 1121 2533 icco
1134 2483 1188 2533 ool-

116 2579 156 2630 19o
174 2563 269 2613 olbam
288 2569 395 2625 poium.
417 2589 446 2600 -
464 2563 528 2626 [aba
539 2563 634 2625 Pytho·
673 2563 782 2619 locatos,
802 2563 866 2613 dum
877 2563 947 2610 servi
957 2561 1029 2610 domi
1042 2575 1118 2612 meae
1132 2561 1188 2611 nati

119 2655 201 2707 coroa
220 2638 350 2704 coracio]
379 2642 543 2691 «nubilabat
562 2641 634 2690 enlm
672 2639 831 2702 nuiriiique,
851 2638 968 2696 alacres,
988 2643 1017 2686 ui
1040 2641 1127 2692 soloni
1161 2645 1189 2692 ei

120 2719 298 2782 Pyilragoram
325 2731 360 2768 au
376 2719 404 2766 ln
417 2731 449 2768 eo
468 2729 579 2780 corpore
596 2717 635 2765 ia·
671 2716 819 2779 peiulanies
832 2728 953 2764 mensam
963 2717 1147 2780 circumstant,
1161 2723 1189 2770 ai

121 2799 189 2844 terei
206 2796 296 2844 anima
316 2797 399 2858 patris
415 2795 456 2843 sui
470 2807 505 2844 an
524 2795 633 2844 alterius
671 2807 731 2842 mox
750 2806 833 2843 coena
852 2798 959 2854 perucia
975 2794 1103 2857 reliquias
1116 2797 1188 2846 cibo-

121 2872 279 2934 propinqui,
305 2885 357 2935 qua
377 2873 410 2922 de
431 2887 460 2922 re
485 2873 553 2922 ridet
571 2885 633 2921 eum
672 2884 758 2920 ruma
777 2871 855 2920 nobis
872 2876 1002 2931 quonium
1020 2873 1084 2921 libat
1105 2873 1188 2939 degu-

120 2949 245 2998 llcraiius
257 2955 285 2998 et
297 2950 355 2999 eiua
366 2961 522 3012 sequacem
542 2949 631 2999 Coum.
670 2953 798 2996 siclorum
823 2947 994 2998 comeduut.»

118 3025 167 3076 Ga.
182 3026 632 3090 Quocirca,uiaiuni,l¹yilragoreis
704 3023 822 3073 iia-ia.
859 3019 960 3088 δίιοαε]
986 3023 1056 3076 osne
1072 3028 1187 3092 quisque

119 3103 290 3152 interdictum
310 3109 383 3163 arat,
404 3117 439 3152 ne
450 3103 575 3167 κυάμοις
589 3117 633 3153 re·
670 3101 798 3150 arbitrale
811 3101 894 3151 ebibit
909 3103 1006 3167 pocula
1023 3104 1129 3156 minora
1141 3111 1189 3157 aui

118 3185 271 3237 acereniur3
303 3180 350 3228 alii
367 3181 433 3228 alias
453 3193 546 3229 causas
571 3179 634 3228 ade·
670 3179 783 3238 maiora,
796 3177 865 3227 liber
881 3192 897 3228 a
914 3180 1034 3230 molestia
1052 3182 1106 3231 illis
1121 3183 1191 3244 legi·

117 3256 631 3317 runnflocigitordioitzoiiobiioiiiud
670 3257 753 3319 hus„
773 3267 839 3315 quas
867 3255 1092 3328 συμποσιάρχης
1125 3256 1187 3322 (rex

51 3373 57 3382 ,
117 3331 258 3392 legumen,
296 3333 367 3398 quod
397 3335 491 3396 volgus
524 3334 632 3396 quidem
670 3327 794 3393 bibendi)
815 3330 848 3380 de
868 3344 981 3382 numero
1006 3348 1037 3384 ao
1058 3335 1187 3386 mensura

117 3420 245 3469 spernere
267 3409 347 3468 selei,
380 3411 428 3460 sed
450 3424 498 3472 pro
518 3416 632 3470 cognato
670 3407 827 3470 poculorum
849 3407 916 3456 alias
936 3411 1055 3461 convivis
1077 3413 1186 3462 dictat.»

29 3503 32 3506 ·
116 3483 168 3531 sibi
186 3485 280 3534 habuit
297 3486 341 3535 vel
360 3487 417 3549 ipse
440 3486 630 3549 Pythagoras.»
670 3509 700 3520 -
714 3479 795 3544 capit]
816 3485 923 3544 «sumit,
938 3485 1039 3547 eligia»
1051 3510 1082 3522 -
1094 3486 1185 3552 aomo]

118 3581 150 3593 -
177 3559 258 3608 Uncto
279 3557 359 3624 mila]
386 3561 431 3612 Sic
452 3563 549 3624 iunge,
577 3575 631 3610 non
674 3560 837 3621 «grandium
860 3562 937 3610 Acrae
946 3569 1052 3624 potores
1064 3564 1188 3617 simililer

114 3636 181 3684 actia
197 3637 301 3698 pinque.
669 3636 723 3686 Sui.
746 3637 772 3698 2,
795 3636 821 3697 8,
848 3638 891 3688 36.
912 3661 941 3671 -
962 3637 1074 3702 commi]
1095 3644 1187 3704 «paul-

150 3710 289 3762 65-67.
326 3710 492 3775 o-coenoe]
523 3726 631 3776 oreque
668 3715 743 3764 laiim
768 3715 927 3777 unicorni,
957 3713 1020 3780 (Od.
1038 3717 1064 3778 d,
1084 3719 1110 3780 5,
1128 3719 1184 3786 39.)
