2644 4112
56 171 61 176 ·
141 155 194 224 16
436 231 440 237 ,
499 175 638 232 nouitati
658 181 855 234 sartoaaou

140 303 259 371 luteas
279 298 417 393 namque
437 312 545 394 pudor
565 313 763 398 proliacum
780 320 876 402 plum
895 320 1038 404 profari,
1092 341 1095 348 ·
1163 325 1170 334 “

139 421 219 486 Nou
237 441 302 510 ego
322 433 374 491 me
393 427 485 512 olaro
506 432 617 498 natum
637 435 749 515 patre,
769 452 836 500 uon
857 453 923 524 ego
935 435 1065 504 ¹oiro'um·
1168 471 1170 480 1

140 535 201 602 Me
221 533 420 607 Satureiano
441 546 569 612 vectum
588 561 668 612 rura
688 550 836 636 caballo,
941 565 946 572 ·
1167 664 1169 666 Ι

140 648 227 735 Sed,
248 655 333 737 quod
350 675 454 742 eram,
465 663 586 726 inarro:
603 661 818 754 Respondes,
837 670 874 731 ut
889 671 966 734 tuus
979 674 1032 735 est
1045 689 1131 757 mos,
1158 667 1201 730 6⁰

141 757 271 834 Pauca:
292 772 391 857 alre03
411 777 446 838 et
465 793 608 842 revocas
627 793 715 842 norro
737 784 815 862 post
834 787 1124 871 monachumque

137 880 224 949 Esse
245 885 279 949 iu
299 889 474 958 amicorum
494 909 639 957 numero.
679 893 841 982 Magnum
861 898 934 964 hoc
946 901 1012 986 ego
1033 900 1131 986 duee,

96 1063 99 1070 ,
139 996 238 1090 Quod
258 1004 367 1085 placui
386 995 461 1090 aiot,
482 1009 537 1090 qtri
557 1011 647 1092 turpi
667 1015 815 1078 seceruls
835 1013 1023 1100 honestum,

137 1113 217 1194 Nou
237 1117 332 1197 patre
354 1119 541 1206 praeclaro3
561 1122 622 1208 sed
643 1125 713 1190 uita
734 1131 768 1192 et
789 1129 926 1212 pectore
946 1147 1040 1214 paro.
1063 1153 1066 1158 ’
1130 1219 1132 1222 ¹

137 1229 242 1312 Atqui
262 1231 291 1294 si
312 1231 404 1296 uitiis
422 1231 639 1316 mediocribus
659 1259 700 1308 ao
720 1261 792 1309 mea
802 1243 928 1328 'paucis
1159 1249 1198 1311 oi

138 1343 305 1410 Meudosa
325 1350 378 1412 est
397 1353 534 1432 rmtura,
554 1357 807 1434 alloquirecta,
828 1359 921 1425 uelut
942 1365 972 1426 sl

138 1459 288 1550 Egregia
309 1429 723 1548 iuspersos‘reureltendas
741 1487 889 1556 corpurew
903 1493 1048 1564 naevos,
1072 1507 1093 1538 ν
1177 1494 1181 1503 ·

137 1562 305 1645 sineque
325 1567 502 1632 avaritiam.
518 1587 624 1655 neque
644 1577 763 1644 sordes
782 1586 840 1646 aut
860 1588 945 1652 mala
967 1592 1073 1662 luatra

138 1673 281 1744 Obliclel
301 1697 382 1746 vere
403 1683 571 1769 quisquam
591 1689 684 1775 mihi,
704 1702 862 1776 purusact
881 1703 1025 1790 insons,v

138 1790 187 1858 Ut
207 1812 259 1860 me
279 1794 476 1884 collaudem,
497 1802 526 1864 st
547 1805 582 1865 et
602 1785 682 1868 vivo
703 1827 804 1882 cerus.
820 1816 949 1904 amicis3
1072 1873 1076 1882 ,
1157 1833 1199 1896 to

40 1935 46 1945 ·
138 1900 247 1966 causa
266 1903 329 1968 fuit
350 1905 446 1989 pater
465 1910 532 1998 liis,
553 1919 608 2000 qui
628 1938 737 1990 moero
762 1944 889 2012 pauper
908 1938 1018 2022 agello

135 2013 250 2082 Noluit
269 2019 304 2082 in
323 2018 427 2112 Flavi-
440 2025 549 2095 ludum
563 2051 623 2099 me
642 2039 787 2128 mittere,
809 2053 920 2135 magni

135 2191 219 2244 tidem
248 2193 379 2258 repressa.
410 2223 440 2238 -·
469 2205 561 2270 Iasum
574 2233 586 2246 ·
599 2223 648 2272 po-
663 2219 666 2226 ’
684 2217 1193 2307 catveuusir'emontamlitterasquam

54 2277 58 2281 ·
135 2266 204 2326 aar]
233 2271 380 2336 uelinguis,
399 2279 445 2340 qui
462 2284 537 2332 omni
555 2284 647 2349 loqua-
682 2293 880 2364 arithmeticen,
898 2312 990 2371 utpote
1009 2315 1043 2364 ad
1060 2317 1194 2373 ritam'oi·

135 2339 216 2391 citata
233 2343 374 2397 abstinet.»
389 2371 423 2388 ·-
445 2357 539 2408 atroam
555 2385 567 2396 ·
577 2386 589 2397 ·
606 2375 647 2413 oe·
682 2369 763 2420 uilem
775 2381 880 2434 praeter
893 2388 994 2436 ceteras
1009 2397 1080 2441 artes
1096 2407 1193 2450 neces-

134 2413 645 2486 olortJoofdsstFlurraamltarrettett.·
683 2445 799 2509 sariam,
825 2451 915 2506 doceri
940 2462 1047 2514 solitam
1071 2481 1140 2522 esse.
1157 2497 1194 2519 ι-

134 2489 291 2544 Satureiano
306 2520 340 2534 ··
357 2500 472 2565 caballo]
495 2506 645 2575 Saturam,
681 2521 811 2586 stuperet]
830 2526 881 2592 «ἐξ

634 2767 644 2778 ·
681 2751 823 2810 utebantur
842 2755 870 2806 ia
892 2764 1065 2818 conficiendis
1082 2777 1191 2828 ratium·

131 2805 196 2854 pora
213 2799 350 2850 conditum
366 2810 406 2855 est
420 2811 546 2871 oppidum
563 2814 643 2866 hodie
680 2825 729 2873 bus
747 2839 762 2875 a
775 2828 831 2879 ludi
843 2837 969 2896 magistro
979 2849 1146 2908 propositis.»
1158 2877 1189 2890 -

130 2867 385 2927 Satarodlctum.—
400 2895 469 2933 nouo
480 2884 640 2954 portmauro]
680 2901 811 2966 caiolum]
840 2911 1070 2980 «calculatoriam,
1089 2926 1117 2974 tu
1137 2941 1190 2990 qua

128 2943 239 3016 Scilicet
254 2951 329 3002 Bruti
343 2956 480 3011 tribunum
493 2969 641 3018 accuratius
679 2979 704 3023 et
725 2979 891 3034 characteres
911 2993 1091 3048 arithmeticos
1115 3008 1190 3055 nota-

128 3024 281 3083 perspicere
302 3029 386 3081 uoluit
403 3034 544 3089 Maecenas
562 3049 641 3106 atque
677 3050 742 3100 bant
768 3061 794 3104 et
820 3061 935 3126 calculos
961 3071 1085 3125 ordinare
1106 3077 1191 3132 disce·

129 3094 200 3144 clam
215 3103 342 3163 experiri,
358 3111 448 3158 utrum
462 3115 489 3162 ei
504 3116 640 3169 fidendum
677 3126 768 3177 haut.»
787 3131 875 3185 Coum.
900 3139 983 3201 Caua.
1003 3143 1190 3218 (Recoouorec.)

127 3175 305 3226 essetnecne.
323 3202 353 3214 -
372 3187 639 3258 carantanorum]
711 3203 754 3252 75.
797 3208 874 3259 mant
903 3211 1017 3282 moeror]
1049 3225 1189 3289 «singulis

126 3253 190 3305 gau.
212 3261 295 3301 masc.
350 3294 353 3300 .
676 3276 766 3328 Idibus
790 3287 916 3345 magistro
943 3292 1089 3348 afferebant
1111 3315 1188 3356 mou-

161 3321 283 3377 oti-ut.
318 3331 389 3382 molo
407 3335 505 3401 lustra]
529 3342 640 3408 lupana-
676 3356 776 3404 struam
785 3366 946 3428 mercedem,
961 3367 1186 3449 τὸδίόακτρον.»

121 3397 180 3457 ria,
198 3399 329 3465 fornices,
350 3408 559 3470 adolescentium
580 3436 638 3485 per·
674 3427 725 3478 Pro
752 3435 859 3498 amulio
884 3443 948 3494 dixit
975 3452 1091 3510 octonis,
1122 3459 1185 3518 quia

125 3473 241 3526 diturum
260 3485 437 3544 receptacula.
454 3513 484 3526 -
497 3492 553 3556 oia]
577 3501 638 3550 ‹rha-
674 3504 736 3555 ldus
749 3522 842 3564 omues
852 3516 879 3565 iu
894 3525 1084 3589 octauumpost
1094 3531 1184 3583 Nonas

118 3560 185 3599 ‘rum
215 3566 320 3615 rerum,
350 3559 447 3610 harum
475 3566 636 3625 virtutum.»

674 3581 745 3632 diem
765 3585 899 3654 incidunt,
917 3598 987 3660 sive,
1007 3608 1036 3654 ut
1054 3605 1092 3656 ait
1107 3607 1183 3658 Lam·

116 3619 226 3678 Aeaea.
238 3651 268 3665 -
281 3630 374 3695 Flavi]
394 3637 460 3688 Tuto
468 3640 527 3693 loeo
537 3647 636 3710 signiti-

672 3655 765 3722 biuus‚
793 3664 888 3720 Iduum
905 3673 961 3732 dies
979 3685 1041 3733 suut
1059 3688 1129 3736 octo.
1151 3707 1181 3722 -·
