2500 4110
422 761 821 895 unammmo.

548 1075 693 1090 m

87 1274 193 1394 Cum
214 1329 479 1412 redemptoribus
501 1328 742 1392 honestissimis
764 1328 962 1418 placuisset,
985 1333 1021 1391 ut
1044 1327 1157 1394 iisdem

86 1471 256 1537 operarum
272 1453 387 1516 formis
401 1453 546 1516 servatis
565 1468 719 1514 unacum
732 1429 862 1514 Horatii
878 1450 1023 1516 editione
1034 1452 1159 1514 maiore

79 1572 186 1634 minor
202 1588 333 1653 quoque
347 1587 369 1633 a
382 1588 432 1634 me
454 1571 630 1652 pararetur
642 1569 730 1630 iiiius
746 1567 907 1632 dimidiam
922 1571 1056 1632 circiter
1076 1567 1158 1651 pai·-

79 1693 147 1752 tem
160 1691 402 1771 complectens,
422 1688 551 1750 resecui
570 1687 705 1768 primum
722 1687 917 1750 varietatem
930 1687 1093 1756 iectionis,
1119 1705 1160 1750 ea

11 1853 12 1898 3
82 1805 259 1868 dumtaxat
285 1779 480 1888 memorata,
516 1802 558 1866 de
585 1818 650 1885 qua
678 1812 715 1865 ut
737 1805 771 1866 in
792 1804 916 1872 scholis
938 1803 1159 1878 dissereretur
1222 1869 1225 1872 ,

11 1905 12 1912 ¹
85 1924 308 1986 necessarium
329 1921 516 1989 videbatur,
539 1919 658 1985 delude
674 1939 824 2008 magnam
840 1925 967 2005 purtem
986 1927 1020 1986 et
1037 1939 1156 1987 ,exem-

80 2041 211 2121 piorum
239 2041 273 2102 in
299 2037 407 2104 altera
427 2039 573 2104 editione
594 2040 769 2104 aiiatorum
790 2044 824 2104 et
849 2021 1157 2124 interpretationum

83 2159 186 2221 minus
208 2161 389 2240 rectarum,
423 2175 505 2240 quas
525 2158 560 2220 in
580 2157 638 2220 iiia
659 2158 760 2222 certis
781 2161 987 2244 argumentis
1011 2159 1159 2223 refutare

86 2278 225 2339 conatus
245 2294 325 2339 sum.

142 2391 241 2472 Quae
266 2394 329 2456 iam
356 2395 515 2470 remansit
540 2394 772 2474 interpretatio
801 2412 906 2478 aeque
927 2414 968 2460 ac
990 2397 1159 2478 copiosior

83 2511 140 2572 iiia
163 2529 234 2573 non
261 2513 327 2573 tam
357 2508 602 2591 Grammaticis,
638 2529 734 2594 quam
762 2530 874 2577 eorum
894 2515 967 2572 usui
991 2497 1157 2578 destinata
1237 2589 1238 2598 χ

10 2675 11 2680 1
81 2631 151 2710 est,
181 2630 237 2710 qui
263 2629 450 2692 etiamnunc
477 2626 662 2690 huiusmodi
691 2613 943 2716 commentarios
964 2631 1157 2716 consulunt,

10 2745 12 2780 i
77 2744 115 2807 id
138 2748 206 2829 est,
227 2763 302 2809 cum
324 2745 556 2810 adolescentes
577 2747 713 2827 p'rimum
732 2743 865 2807 Horatii
879 2746 1023 2808 carmina
1038 2745 1156 2809 lecturi

79 2865 133 2928 vei
171 2881 254 2946 quas
281 2861 374 2945 apud
389 2863 638 2944 ¹praeceptores
666 2859 843 2925 audierunt
864 2837 1165 2944 interpretationes

84 2961 273 3063 repetitum
296 2983 364 3042 tum
385 2981 468 3064 vm,
491 2981 546 3062 qur
568 2971 642 3042 ariis
663 2982 808 3066 negatos
830 2979 972 3045 districti
994 2979 1155 3044 internum
1236 2997 1237 3012 2

87 3097 188 3162 tanen
213 3096 258 3160 ad
280 3100 426 3179 poetam,
454 3097 547 3160 cuius
574 3097 651 3161 inde
673 3097 716 3162 ab
737 3099 872 3161 incunte
894 3101 1006 3161 aetate
1026 3068 1156 3182 gratam
1235 3183 1236 3192 ἵ

83 3191 267 3278 memoriam
289 3216 405 3278 merito
427 3218 684 3302 conservarunt,
719 3217 766 3278 ito
792 3201 902 3292 redire
929 3216 1082 3297 cupiunt,
1118 3216 1154 3276 ut
1235 3261 1236 3304 3

86 3347 127 3392 ne
145 3333 242 3409 nimis
268 3317 446 3409 abstrusis,
476 3333 626 3416 operosis
658 3331 849 3415 diffusisquc
878 3331 1156 3415 disputationibus
1235 3315 1236 3357 ³

82 3451 215 3528 primum
238 3451 453 3520 intricentur,
476 3469 552 3512 mox
574 3469 595 3513 a
616 3447 760 3536 legendo
783 3447 1023 3513 deterreantur.
1234 3433 1235 3448 ἶ

145 3566 347 3654 Recognitio
369 3565 605 3630 Meineckiana
625 3584 717 3631 meae
733 3547 895 3647 tamquam
909 3565 1154 3628 fundamentum

82 3683 153 3759 este
174 3685 221 3747 ita
240 3687 278 3747 ut
300 3685 501 3766 potissimum
524 3701 543 3744 e
564 3678 742 3746 codicibus
760 3679 989 3744 Biandinianis
1009 3675 1153 3759 &nquit
1211 3685 1235 3764 κ’

928 3791 945 3824 Ἰ
986 3817 989 3822 .
