2658 4128
117 121 195 190 iro
236 163 240 169 -
471 102 833 188 uonamrsamsarun

114 280 302 360 arctantis,
324 273 412 363 quod
434 283 471 343 tu
492 297 657 363 nunquam
677 279 863 344 rescribere
884 281 1005 362 possis.

114 399 242 465 Audire
264 401 364 482 atque
387 401 504 486 togam
521 399 618 462 iubeo
641 409 856 482 componere,
869 399 1028 484 'quisquis

112 493 306 584 Ambitione
326 519 411 582 mala
432 519 490 580 aut
511 518 645 603 argenti·
664 519 769 600 pallet
789 535 922 604 amore,

113 635 273 722 Quisquis
292 639 422 700 lrrxuria
444 637 575 700 tristive
596 637 834 721 superstitione

113 756 186 820 Aut
207 757 272 832 alio
295 757 414 822 mentis
434 754 547 821 morbo'
569 756 674 838 calet3
695 753 760 819 buc
782 756 924 837 propius
939 773 1008 839 me,

113 875 198 940 Dum
221 874 325 940 doceo
347 876 493 939 insanire·
515 892 645 957 omnes,
666 893 729 937 vos
751 873 866 938 ordine
887 873 990 939 aditet·

113 991 233 1059 Danda
255 997 306 1057 est
327 994 465 1058 ellebori
485 995 587 1057 multo
609 1011 689 1076 pars
710 995 849 1057 matrina
870 995 1000 1080 avaris3
1106 1015 1114 1024 ·

112 1114 233 1179 Nescio
256 1130 299 1177 an
320 1113 518 1199 Anticyram
540 1115 626 1176 ratio
648 1111 713 1175 illis
736 1111 882 1176 destinet
905 1133 1041 1178 omnem.

111 1231 265 1297 Heredes
286 1228 422 1298 Staberi
442 1237 595 1296 summam
611 1230 764 1296 'incidere
776 1213 959 1315 sepulcro:

111 1350 154 1416 Ni
176 1353 225 1417 sic
246 1352 425 1446 fecissent,
446 1351 669 1448 gladiatorum
690 1350 771 1416 dare
792 1355 924 1416 centum

109 1470 263 1535 Damnati
286 1471 409 1556 populo
431 1473 525 1554 paria
547 1473 647 1555 atque
669 1472 799 1554 epulum
821 1473 959 1537 arbitrio
980 1472 1078 1558 Arri,

108 1589 279 1666 Frumenti
302 1593 456 1674 quantum
478 1592 571 1656 metit
593 1589 722 1656 Airice.
767 1586 849 1656 Sive
872 1610 936 1678 ego
959 1611 1082 1677 preve,

109 1705 179 1778 Seu
201 1714 310 1795 recte,
331 1709 396 1774 hoc
416 1711 528 1794 uolui3
551 1727 593 1774 ne
614 1711 662 1773 sis
682 1711 822 1791 patruus
844 1709 932 1774 milri.
976 1708 1088 1777 Credo

107 1828 183 1895 Hoc
205 1825 340 1893 Staberi
361 1827 557 1918 prudentem
578 1829 719 1892 animum
741 1827 877 1894 vidisse.
922 1803 1008 1910 Quid
1032 1851 1114 1921 ergo

107 1939 243 2026 Sensit,
265 1964 337 2010 cum
359 1964 513 2011 summam
536 1927 719 2030 patrimoni
734 1949 922 2033 insculpere
944 1969 1028 2016 saxo
1143 1949 1183 2012 90

106 2043 260 2130 Heredes
281 2057 414 2147 voluit?
437 2062 555 2145 Quoad
577 2067 676 2151 vixit,
699 2066 839 2132 credidit
860 2071 981 2154 ingens

106 2181 303 2270 Pauperiem
325 2181 439 2250 uitlum
462 2187 496 2248 et
519 2187 609 2250 cavit
631 2186 711 2249 nihil
732 2188 858 2272 acrius,
880 2192 931 2270 ut5
954 2191 983 2254 si

102 2353 305 2408 elusionum
323 2356 390 2406 PRO
406 2354 451 2407 ΕΔ
463 2355 622 2409 asconis.
660 2354 838 2432 Ἀντίκιρῥα,
869 2354 1029 2428 ὁμώνυμος
1045 2361 1080 2434 τῇ
1102 2364 1181 2418 ,κατὰ

104 2431 303 2497 -rsrcrtbere]
322 2435 554 2496 absterritum
574 2450 623 2499 per
661 2435 713 2488 τὸν
735 2436 889 2488 Μαλιακὸν
916 2435 1027 2490 κόλπον
1052 2442 1101 2492 καὶ
1127 2441 1182 2508 τὴν

104 2511 287 2573 argentarium
302 2513 621 2574 debitumsolvera,l1.e.
652 2511 758 2580 Οἴτην.
796 2515 852 2566 Kal
877 2513 914 2582 δή
931 2533 1024 2580 φασιν
1043 2515 1106 2569 ἐκεῖ
1127 2515 1182 2570 τὸν

101 2591 232 2652 scriptum
251 2590 334 2640 debili
354 2591 481 2654 liberare.
660 2591 816 2662 ἐλλέβορον
835 2591 966 2656 φύεσθαι
983 2591 1037 2644 τὸν
1052 2591 1181 2658 ἀστεῖον,

137 2668 249 2719 77-81
298 2665 397 2733 tapam]
414 2674 581 2732 componunt
594 2670 633 2719 in‘
660 2667 789 2742 barabba
804 2669 835 2720 dt
853 2670 1047 2734 σκευάζεσθαι
1062 2671 1181 2732 βέλτιον

101 2745 187 2808 plicas
207 2747 348 2810 discipuli,
369 2749 414 2810 qui
434 2748 576 2797 consident
594 2748 621 2797 in
659 2746 720 2796 κτλ.
753 2770 783 2782 -
814 2745 900 2808 rotto]
921 2761 1004 2798 «uera
1026 2746 1178 2810 sapientia,

100 2824 237 2874 subselliis
262 2825 306 2882 rol
329 2824 479 2884 cathedris,
508 2831 621 2874 clientas
660 2825 1066 2886 medicaemunerelirugens.u
1088 2851 1119 2861 -
1138 2827 1179 2876 de-

101 2916 181 2952 aures
200 2903 328 2972 magistro
340 2903 497 2968 praebituri,
519 2925 550 2936 -
570 2915 622 2950 om·
659 2899 772 2966 stidore]
801 2918 827 2955 v.
851 2905 989 2966 proprium
1008 2905 1041 2954 de
1062 2903 1179 2954 medica-

100 2993 225 3046 nem-uos
237 2975 346 3039 ordine]
377 2979 460 3040 «Vos,
480 2979 620 3043 quinariis
659 2982 766 3041 meniis,
788 2983 1017 3044 «praescriberem

100 3057 173 3108 uitiis
190 3043 333 3116 laboreriis,
353 3069 466 3114 omnes,
488 3055 620 3108 sedcerio
683 3063 686 3076 '
816 3041 829 3054 ”

101 3135 218 3197 quodam
249 3133 346 3183 ordina
372 3133 425 3182 huc
451 3135 559 3195 adesto,
592 3139 621 3182 ut
692 3133 822 3184 at-sr.
859 3132 980 3196 Staberi]
1012 3135 1125 3198 Quintil.
1148 3135 1175 3197 7,

101 3225 186 3261 unum
207 3216 267 3274 post
284 3211 399 3260 alterum
419 3224 470 3274 ego
490 3213 620 3274 castigem
657 3213 682 3273 9,
697 3213 728 3262 92
742 3215 823 3262 Heras
834 3229 903 3263 meus
914 3210 1000 3277 (uxori
1010 3211 1099 3278 meae)
1113 3215 1177 3264 dore

101 3295 182 3354 etque
204 3289 366 3350 corrigam.»
481 3279 486 3286 ’
624 3291 630 3295 ”
656 3293 839 3342 damnorcsto.
865 3293 935 3342 ilinc
949 3296 1019 3357 apud
1034 3295 1177 3344 Horatium

134 3369 177 3420 82.
197 3369 240 3418 83.
272 3367 391 3428 ellebori]
410 3366 566 3417 Elleborum
579 3369 619 3419 ni·
656 3371 785 3430 damnati,
800 3371 921 3432 obligati.
944 3395 972 3406 -
993 3369 1110 3436 apulum]
1130 3386 1178 3435 po·

98 3460 178 3509 grum
196 3461 218 3496 s.
237 3450 372 3496 veratrum
390 3445 443 3495 alui
462 3445 618 3506 purgandae
656 3447 720 3509 pulo
746 3447 864 3498 dandum
892 3435 1042 3498 er'iamosi
1070 3449 1177 3512 nepotis

98 3538 180 3573 causa
205 3524 318 3574 dabatur
342 3522 555 3572 melancholicis.
586 3549 616 3560 -
655 3524 775 3575 arbilrio.
813 3525 845 3586 Q.
867 3523 939 3574 Arrii
960 3527 1071 3588 epulum
1095 3527 1176 3576 lune-

97 3601 187 3651 Neroio
212 3597 268 3662 aa]
303 3605 384 3662 «puto
415 3613 536 3663 prope;»
568 3602 617 3648 tob
655 3602 703 3650 bre
720 3608 883 3651 memoratur
900 3616 915 3651 a
935 3601 1066 3652 Cicerone
1083 3603 1176 3654 inva-

94 3677 314 3731 watssatcbt,
343 3676 378 3724 ob
396 3677 496 3736 naobt.
515 3675 617 3725 -Aa-
655 3679 703 3728 tin.
723 3679 782 3738 1e.;
802 3679 879 3727 cuius
893 3679 940 3726 lilii
954 3685 983 3727 ut
995 3681 1099 3742 prodigi
1117 3669 1175 3730 cdr-

92 3749 225 3816 ttopram]
245 3751 414 3802 iul‘hocidc.
434 3751 570 3814 strabos,
584 3753 615 3804 a:
654 3761 755 3818 pumur
777 3769 837 3805 mox
854 3755 880 3807 r:
899 3756 961 3806 2143.
991 3783 1019 3794 -
1048 3763 1175 3821 wantum
